3292 5267
380 453 712 577 Cnnnrnun
748 459 926 563 Lrsan
958 461 996 557 Ι.

272 674 363 759 Nec
382 674 514 759 virides
528 692 703 757 metuunt
723 676 911 782 colubros,

155 812 245 899 Nec
261 815 453 899 Martiales
476 815 681 903 hoeduleae
699 815 834 929 lupos;

154 959 361 1071 Utcunque
372 958 500 1057 dulci,
516 956 700 1067 Tyndari,
715 957 844 1057 fistula

189 1113 194 1127 '
216 1096 357 1200 Valles,
374 1118 412 1181 et
432 1098 583 1179 Usticae
602 1098 773 1181 cubantis

179 1310 181 1315 ,
254 1306 263 1318 .,
273 1240 392 1321 Levia
402 1239 626 1351 personuere
642 1240 740 1331 saxa.

153 1378 207 1461 Di
221 1406 287 1459 me
299 1396 477 1462 tuentur:
510 1380 583 1459 Dis
600 1379 717 1489 pietas
735 1408 822 1463 mea
890 1356 896 1369 ¹
972 1392 975 1398 ’

152 1520 205 1599 Et
222 1518 330 1599 musa·
346 1516 451 1599 cordi
467 1515 537 1597 est.
565 1514 659 1595 hinc
675 1517 746 1598 tibi
764 1521 878 1628 copia

213 1660 391 1747 Manebit
404 1657 451 1745 ad
464 1656 623 1765 plenum
644 1657 811 1768 benigno

283 1768 398 1879 lluris
414 1795 605 1879 honorum
620 1796 796 1906 opulenta
814 1781 947 1890 cornu

153 1936 293 2029 Hicin
310 1938 462 2059 terluEta
480 1934 575 2017 valle
593 1935 796 2027 Caniculae

151 2048 301 2185 litabis
317 2076 448 2175 aestus,
470 2092 508 2156 et
525 2074 599 2154 fide
617 2076 715 2158 Teia

155 2192 175 2299 ;Ι
210 2194 330 2307 Dices
351 2215 557 2335 laborantes
576 2214 615 2295 in
629 2240 712 2295 uno
809 2312 812 2317 Δ

269 2354 486 2465 Penelopen
500 2330 733 2465 vitreamque
752 2356 902 2443 Circen.

147 2495 229 2581 Hic
246 2496 453 2579 innocentis
478 2494 615 2605 pocula
633 2496 757 2577 Lelbii

147 2638 280 2751 Duces
294 2635 364 2717 sub
379 2633 538 2714 umbra:
566 2659 637 2712 nec
653 2632 860 2715 Semeleius

211 2781 316 2863 Cum
332 2776 460 2857 Marte
472 2772 680 2857 confundet
696 2773 908 2883 Thyoneus

204 2966 208 2971 ·
267 2916 438 2999 Proelia:
458 2944 529 2999 nec
542 2932 686 2998 metues
702 2935 922 3028 protervum

146 3060 323 3172 Suspecta
334 3060 495 3167 Cyrum,
514 3086 564 3156 ne
580 3056 682 3140 male
699 3057 838 3167 dispari

143 3198 424 3289 Incontinentes
440 3198 581 3305 injiciat
590 3223 740 3298 manus,
833 3232 840 3239 ·

144 3334 149 3349 '
208 3338 262 3419 Et
278 3334 420 3417 scindat
435 3332 652 3415 haerentem
669 3358 850 3412 coronam

226 3487 241 3561 ’,
263 3470 454 3589 Crinibus,
478 3466 786 3584 immeritamque
803 3468 961 3559 vestem·
