<?xml version="1.0" encoding="UTF-8"?>
<!DOCTYPE html PUBLIC "-//W3C//DTD XHTML 1.0 Transitional//EN"
    "http://www.w3.org/TR/xhtml1/DTD/xhtml1-transitional.dtd">
<html xmlns="http://www.w3.org/1999/xhtml" xml:lang="en" lang="en">
 <head>
  <title>
</title>
<meta http-equiv="Content-Type" content="text/html;charset=utf-8" />
  <meta name='ocr-system' content='tesseract 3.04.00' />
  <meta name='ocr-capabilities' content='ocr_page ocr_carea ocr_par ocr_line ocrx_word'/>
</head>
<body>
  <div class='ocr_page' id='page_1' title='image "./quintihoratiifl06horagoog_0096.png"; bbox 0 0 3292 5267; ppageno 0'>
   <div class='ocr_carea' id='block_1_1' title="bbox 368 433 1259 566">
    <p class='ocr_par' dir='ltr' id='par_1_1' title="bbox 368 433 1259 566">
     <span class='ocr_line' id='line_1_1' title="bbox 368 433 1259 566; baseline 0.011 -39"><span class='ocrx_word' id='word_1_1' title='bbox 368 437 437 558; x_wconf 71' lang='grc' dir='ltr'>ῥα</span> <span class='ocrx_word' id='word_1_2' title='bbox 613 433 970 566; x_wconf 74' lang='lat' dir='ltr'>QHona&#39;rrr</span> <span class='ocrx_word' id='word_1_3' title='bbox 1004 439 1259 539; x_wconf 69' lang='lat' dir='ltr'>Fnaecr&#39;jr</span> 
     </span>
    </p>
   </div>
   <div class='ocr_carea' id='block_1_2' title="bbox 356 635 1437 3130">
    <p class='ocr_par' dir='ltr' id='par_1_2' title="bbox 356 635 1437 3130">
     <span class='ocr_line' id='line_1_2' title="bbox 364 635 1052 755; baseline -0.004 -34"><span class='ocrx_word' id='word_1_4' title='bbox 364 637 482 722; x_wconf 89' lang='lat' dir='ltr'>Ocior</span> <span class='ocrx_word' id='word_1_5' title='bbox 499 635 629 739; x_wconf 84' lang='lat' dir='ltr'>cervis,</span> <span class='ocrx_word' id='word_1_6' title='bbox 649 653 686 718; x_wconf 88' lang='lat' dir='ltr'>et</span> <span class='ocrx_word' id='word_1_7' title='bbox 702 653 834 746; x_wconf 84' lang='lat' dir='ltr'>agente</span> <span class='ocrx_word' id='word_1_8' title='bbox 858 637 1010 720; x_wconf 87' lang='lat' dir='ltr'><strong>nimbos</strong></span> <span class='ocrx_word' id='word_1_9' title='bbox 1049 751 1052 755; x_wconf 13' lang='grc' dir='ltr'>Ι</span> 
     </span>
     <span class='ocr_line' id='line_1_3' title="bbox 485 778 1072 878; baseline -0.009 -16"><span class='ocrx_word' id='word_1_10' title='bbox 485 778 604 878; x_wconf 83' lang='lat' dir='ltr'>Ocior</span> <span class='ocrx_word' id='word_1_11' title='bbox 618 779 744 866; x_wconf 81' lang='lat' dir='ltr'>Euro.¹</span> <span class='ocrx_word' id='word_1_12' title='bbox 827 785 835 857; x_wconf 82' lang='lat' dir='ltr'>i</span> <span class='ocrx_word' id='word_1_13' title='bbox 926 792 930 796; x_wconf 71' lang='grc'><strong>“</strong></span> <span class='ocrx_word' id='word_1_14' title='bbox 1061 801 1072 850; x_wconf 70' lang='grc' dir='ltr'>’.τ</span> 
     </span>
     <span class='ocr_line' id='line_1_4' title="bbox 361 920 1220 1032; baseline 0.001 -26"><span class='ocrx_word' id='word_1_15' title='bbox 361 922 500 1006; x_wconf 91' lang='lat' dir='ltr'>Laetus</span> <span class='ocrx_word' id='word_1_16' title='bbox 520 924 561 1002; x_wconf 91' lang='lat' dir='ltr'>in</span> <span class='ocrx_word' id='word_1_17' title='bbox 577 920 744 1032; x_wconf 79' lang='lat' dir='ltr'>praesens</span> <span class='ocrx_word' id='word_1_18' title='bbox 761 920 924 1023; x_wconf 79' lang='lat' dir='ltr'>animus,</span> <span class='ocrx_word' id='word_1_19' title='bbox 938 923 1041 1029; x_wconf 89' lang='lat' dir='ltr'>quod</span> <span class='ocrx_word' id='word_1_20' title='bbox 1056 921 1153 1015; x_wconf 80' lang='lat' dir='ltr'>ultra</span> <span class='ocrx_word' id='word_1_21' title='bbox 1162 924 1220 1018; x_wconf 76' lang='lat' dir='ltr'>est</span> 
     </span>
     <span class='ocr_line' id='line_1_5' title="bbox 361 1059 974 1164; baseline -0.005 -22"><span class='ocrx_word' id='word_1_22' title='bbox 361 1060 498 1142; x_wconf 87' lang='lat' dir='ltr'>Oderit</span> <span class='ocrx_word' id='word_1_23' title='bbox 518 1087 659 1164; x_wconf 88' lang='lat' dir='ltr'>curare,</span> <span class='ocrx_word' id='word_1_24' title='bbox 673 1076 712 1143; x_wconf 88' lang='lat' dir='ltr'>et</span> <span class='ocrx_word' id='word_1_25' title='bbox 729 1087 855 1142; x_wconf 88' lang='lat' dir='ltr'>amara</span> <span class='ocrx_word' id='word_1_26' title='bbox 872 1059 974 1140; x_wconf 91' lang='lat' dir='ltr'>lento</span> 
     </span>
     <span class='ocr_line' id='line_1_6' title="bbox 360 1194 1070 1310; baseline -0.001 -29"><span class='ocrx_word' id='word_1_27' title='bbox 360 1195 573 1310; x_wconf 66' lang='lat' dir='ltr'>Temperet</span> <span class='ocrx_word' id='word_1_28' title='bbox 598 1195 684 1284; x_wconf 86' lang='lat' dir='ltr'>risu.</span> <span class='ocrx_word' id='word_1_29' title='bbox 716 1194 811 1276; x_wconf 87' lang='lat' dir='ltr'>nihil</span> <span class='ocrx_word' id='word_1_30' title='bbox 829 1196 884 1278; x_wconf 89' lang='lat' dir='ltr'>est</span> <span class='ocrx_word' id='word_1_31' title='bbox 900 1197 949 1278; x_wconf 89' lang='lat' dir='ltr'>ab</span> <span class='ocrx_word' id='word_1_32' title='bbox 962 1199 1070 1280; x_wconf 89' lang='lat' dir='ltr'>omni</span> 
     </span>
     <span class='ocr_line' id='line_1_7' title="bbox 483 1339 776 1422; baseline 0.01 -3"><span class='ocrx_word' id='word_1_33' title='bbox 483 1339 591 1420; x_wconf 89' lang='lat' dir='ltr'>Parte</span> <span class='ocrx_word' id='word_1_34' title='bbox 609 1339 776 1422; x_wconf 83' lang='lat' dir='ltr'>beatum.</span> 
     </span>
     <span class='ocr_line' id='line_1_8' title="bbox 358 1470 1140 1563; baseline 0.005 -4"><span class='ocrx_word' id='word_1_35' title='bbox 358 1470 530 1560; x_wconf 70' lang='lat' dir='ltr'>Abstulit</span> <span class='ocrx_word' id='word_1_36' title='bbox 546 1476 690 1560; x_wconf 87' lang='lat' dir='ltr'>clarum</span> <span class='ocrx_word' id='word_1_37' title='bbox 707 1477 781 1558; x_wconf 91' lang='lat' dir='ltr'>cita</span> <span class='ocrx_word' id='word_1_38' title='bbox 799 1503 900 1558; x_wconf 88' lang='lat' dir='ltr'>mors</span> <span class='ocrx_word' id='word_1_39' title='bbox 917 1476 1140 1563; x_wconf 85' lang='lat' dir='ltr'><strong>Achillem:</strong></span> 
     </span>
     <span class='ocr_line' id='line_1_9' title="bbox 363 1616 1209 1728; baseline 0.005 -30"><span class='ocrx_word' id='word_1_40' title='bbox 363 1619 503 1728; x_wconf 87' lang='lat' dir='ltr'>Longa</span> <span class='ocrx_word' id='word_1_41' title='bbox 515 1616 732 1700; x_wconf 87' lang='lat' dir='ltr'><strong>Tithonum</strong></span> <span class='ocrx_word' id='word_1_42' title='bbox 752 1617 892 1698; x_wconf 88' lang='lat' dir='ltr'>minuit</span> <span class='ocrx_word' id='word_1_43' title='bbox 908 1620 1097 1700; x_wconf 75' lang='lat' dir='ltr'>senestus:</span> <span class='ocrx_word' id='word_1_44' title='bbox 1205 1697 1209 1702; x_wconf 86' lang='lat'>.</span> 
     </span>
     <span class='ocr_line' id='line_1_10' title="bbox 362 1756 1055 1867; baseline -0.001 -28"><span class='ocrx_word' id='word_1_45' title='bbox 362 1760 414 1862; x_wconf 72' lang='lat' dir='ltr'>Et</span> <span class='ocrx_word' id='word_1_46' title='bbox 432 1757 529 1838; x_wconf 92' lang='lat' dir='ltr'>mihi</span> <span class='ocrx_word' id='word_1_47' title='bbox 543 1757 676 1856; x_wconf 86' lang='lat' dir='ltr'>forsan,</span> <span class='ocrx_word' id='word_1_48' title='bbox 691 1757 761 1838; x_wconf 89' lang='lat' dir='ltr'>tibi</span> <span class='ocrx_word' id='word_1_49' title='bbox 776 1756 881 1867; x_wconf 83' lang='lat' dir='ltr'>quod</span> <span class='ocrx_word' id='word_1_50' title='bbox 900 1758 1055 1866; x_wconf 88' lang='lat' dir='ltr'>negarit,</span> 
     </span>
     <span class='ocr_line' id='line_1_11' title="bbox 478 1897 770 2008; baseline 0.003 -27"><span class='ocrx_word' id='word_1_51' title='bbox 478 1899 645 2008; x_wconf 89' lang='lat' dir='ltr'>Porriget</span> <span class='ocrx_word' id='word_1_52' title='bbox 664 1897 770 1982; x_wconf 85' lang='lat' dir='ltr'>hora.</span> 
     </span>
     <span class='ocr_line' id='line_1_12' title="bbox 360 2039 1437 2156; baseline 0.005 -35"><span class='ocrx_word' id='word_1_53' title='bbox 360 2040 423 2121; x_wconf 94' lang='lat' dir='ltr'>Te</span> <span class='ocrx_word' id='word_1_54' title='bbox 440 2067 567 2150; x_wconf 78' lang='lat' dir='ltr'>greges</span> <span class='ocrx_word' id='word_1_55' title='bbox 586 2057 752 2144; x_wconf 84' lang='lat' dir='ltr'>centurn,</span> <span class='ocrx_word' id='word_1_56' title='bbox 775 2039 994 2149; x_wconf 84' lang='lat' dir='ltr'>Siculaeque</span> <span class='ocrx_word' id='word_1_57' title='bbox 1013 2039 1159 2150; x_wconf 81' lang='lat' dir='ltr'>circum</span> <span class='ocrx_word' id='word_1_58' title='bbox 1216 2083 1260 2144; x_wconf 74' lang='lat'>2.</span> <span class='ocrx_word' id='word_1_59' title='bbox 1329 2148 1338 2156; x_wconf 18' lang='grc' dir='ltr'><em>η</em></span> <span class='ocrx_word' id='word_1_60' title='bbox 1417 2069 1437 2126; x_wconf 69' lang='lat' dir='ltr'>a</span> 
     </span>
     <span class='ocr_line' id='line_1_13' title="bbox 358 2167 1311 2290; baseline 0.001 -26"><span class='ocrx_word' id='word_1_61' title='bbox 358 2183 543 2290; x_wconf 85' lang='lat' dir='ltr'>Mugiunt</span> <span class='ocrx_word' id='word_1_62' title='bbox 560 2209 712 2280; x_wconf 89' lang='lat' dir='ltr'>vaccae;</span> <span class='ocrx_word' id='word_1_63' title='bbox 735 2167 809 2262; x_wconf 68' lang='lat' dir='ltr'>vtibi</span> <span class='ocrx_word' id='word_1_64' title='bbox 827 2182 924 2262; x_wconf 87' lang='lat' dir='ltr'>tollit</span> <span class='ocrx_word' id='word_1_65' title='bbox 938 2180 1133 2266; x_wconf 88' lang='lat' dir='ltr'>hinnitum</span> <span class='ocrx_word' id='word_1_66' title='bbox 1190 2258 1195 2265; x_wconf 88' lang='lat'>.</span> <span class='ocrx_word' id='word_1_67' title='bbox 1221 2264 1227 2284; x_wconf 80' lang='lat'>·.</span> <span class='ocrx_word' id='word_1_68' title='bbox 1307 2222 1311 2233; x_wconf 62' lang='lat'>¹</span> 
     </span>
     <span class='ocr_line' id='line_1_14' title="bbox 359 2318 1127 2430; baseline -0.003 -30"><span class='ocrx_word' id='word_1_69' title='bbox 359 2323 462 2430; x_wconf 88' lang='lat' dir='ltr'>Apta</span> <span class='ocrx_word' id='word_1_70' title='bbox 479 2320 808 2430; x_wconf 74' lang='lat' dir='ltr'>quadrigisequa3</span> <span class='ocrx_word' id='word_1_71' title='bbox 840 2337 877 2400; x_wconf 90' lang='lat' dir='ltr'>te</span> <span class='ocrx_word' id='word_1_72' title='bbox 894 2320 951 2400; x_wconf 91' lang='lat' dir='ltr'>bis</span> <span class='ocrx_word' id='word_1_73' title='bbox 969 2318 1086 2422; x_wconf 56' lang='lat' dir='ltr'>Afro⁴</span> <span class='ocrx_word' id='word_1_74' title='bbox 1123 2395 1127 2398; x_wconf 79' lang='grc'><em>,</em></span> 
     </span>
     <span class='ocr_line' id='line_1_15' title="bbox 367 2461 1190 2542; baseline 0.005 -6"><span class='ocrx_word' id='word_1_75' title='bbox 367 2485 411 2538; x_wconf 62' lang='lat' dir='ltr'>r:</span> <span class='ocrx_word' id='word_1_76' title='bbox 479 2461 629 2542; x_wconf 85' lang='lat' dir='ltr'>Murice</span> <span class='ocrx_word' id='word_1_77' title='bbox 643 2462 779 2542; x_wconf 64' lang='lat' dir='ltr'>tineiae</span> <span class='ocrx_word' id='word_1_78' title='bbox 1141 2469 1146 2474; x_wconf 83' lang='grc'><strong>’</strong></span> <span class='ocrx_word' id='word_1_79' title='bbox 1186 2467 1190 2480; x_wconf 89' lang='grc'>’</span> 
     </span>
     <span class='ocr_line' id='line_1_16' title="bbox 356 2598 1249 2712; baseline -0.001 -31"><span class='ocrx_word' id='word_1_80' title='bbox 356 2600 530 2685; x_wconf 90' lang='lat' dir='ltr'>Vestiunt</span> <span class='ocrx_word' id='word_1_81' title='bbox 550 2603 673 2687; x_wconf 84' lang='lat' dir='ltr'>lanae:</span> <span class='ocrx_word' id='word_1_82' title='bbox 705 2598 803 2682; x_wconf 89' lang='lat' dir='ltr'>mihi</span> <span class='ocrx_word' id='word_1_83' title='bbox 820 2628 1040 2712; x_wconf 78' lang='lat' dir='ltr'>parvarum,</span> <span class='ocrx_word' id='word_1_84' title='bbox 1058 2609 1097 2681; x_wconf 83' lang='lat' dir='ltr'>e&#39;t</span> <span class='ocrx_word' id='word_1_85' title='bbox 1192 2675 1196 2680; x_wconf 83' lang='lat'>.</span> <span class='ocrx_word' id='word_1_86' title='bbox 1245 2637 1249 2644; x_wconf 81' lang='lat'><em>-</em></span> 
     </span>
     <span class='ocr_line' id='line_1_17' title="bbox 359 2743 1074 2850; baseline -0.003 -28"><span class='ocrx_word' id='word_1_87' title='bbox 359 2744 540 2850; x_wconf 86' lang='lat' dir='ltr'>Spiritum</span> <span class='ocrx_word' id='word_1_88' title='bbox 558 2744 693 2825; x_wconf 81' lang='lat' dir='ltr'>Graiae</span> <span class='ocrx_word' id='word_1_89' title='bbox 710 2760 865 2823; x_wconf 88' lang='lat' dir='ltr'>tenuem</span> <span class='ocrx_word' id='word_1_90' title='bbox 883 2743 1074 2822; x_wconf 88' lang='lat' dir='ltr'>Camenae</span> 
     </span>
     <span class='ocr_line' id='line_1_18' title="bbox 357 2878 1160 2987; baseline -0.001 -26"><span class='ocrx_word' id='word_1_91' title='bbox 357 2881 473 2962; x_wconf 89' lang='lat' dir='ltr'>Parca</span> <span class='ocrx_word' id='word_1_92' title='bbox 491 2907 568 2960; x_wconf 91' lang='lat' dir='ltr'>non</span> <span class='ocrx_word' id='word_1_93' title='bbox 582 2880 746 2960; x_wconf 83' lang='lat' dir='ltr'>mendax</span> <span class='ocrx_word' id='word_1_94' title='bbox 760 2878 876 2976; x_wconf 85' lang='lat' dir='ltr'>dedit,</span> <span class='ocrx_word' id='word_1_95' title='bbox 895 2896 932 2958; x_wconf 82' lang='lat' dir='ltr'>et</span> <span class='ocrx_word' id='word_1_96' title='bbox 947 2878 1160 2987; x_wconf 73' lang='lat' dir='ltr'>malignum</span> 
     </span>
     <span class='ocr_line' id='line_1_19' title="bbox 476 3017 817 3130; baseline -0.003 -31"><span class='ocrx_word' id='word_1_97' title='bbox 476 3021 653 3130; x_wconf 89' lang='lat' dir='ltr'>Spernere</span> <span class='ocrx_word' id='word_1_98' title='bbox 672 3017 817 3126; x_wconf 86' lang='lat' dir='ltr'>vulgus.</span> 
     </span>
    </p>
   </div>
   <div class='ocr_carea' id='block_1_3' title="bbox 421 3297 1428 3538">
    <p class='ocr_par' dir='ltr' id='par_1_3' title="bbox 421 3297 1428 3538">
     <span class='ocr_line' id='line_1_20' title="bbox 723 3297 1091 3382; baseline 0.003 -4"><span class='ocrx_word' id='word_1_99' title='bbox 723 3301 761 3378; x_wconf 95' lang='grc' dir='ltr'>Ο</span> <span class='ocrx_word' id='word_1_100' title='bbox 792 3302 900 3382; x_wconf 85' lang='lat' dir='ltr'>DE</span> <span class='ocrx_word' id='word_1_101' title='bbox 961 3297 1091 3381; x_wconf 86' lang='lat' dir='ltr'><strong>XVII.</strong></span> 
     </span>
     <span class='ocr_line' id='line_1_21' title="bbox 421 3441 1428 3538; baseline -0.001 -6"><span class='ocrx_word' id='word_1_102' title='bbox 421 3441 511 3534; x_wconf 87' lang='lat' dir='ltr'>An</span> <span class='ocrx_word' id='word_1_103' title='bbox 547 3441 979 3538; x_wconf 77' lang='lat' dir='ltr'>Mnacruarrn</span> <span class='ocrx_word' id='word_1_104' title='bbox 1015 3442 1375 3533; x_wconf 80' lang='lat' dir='ltr'>Ananoruu.</span> <span class='ocrx_word' id='word_1_105' title='bbox 1417 3460 1428 3509; x_wconf 71' lang='lat'><em>³</em></span> 
     </span>
    </p>
   </div>
   <div class='ocr_carea' id='block_1_4' title="bbox 358 3715 1426 4260">
    <p class='ocr_par' dir='ltr' id='par_1_4' title="bbox 358 3715 1426 4260">
     <span class='ocr_line' id='line_1_22' title="bbox 463 3715 1351 3824; baseline 0.001 -28"><span class='ocrx_word' id='word_1_106' title='bbox 463 3717 552 3797; x_wconf 93' lang='lat' dir='ltr'>UR</span> <span class='ocrx_word' id='word_1_107' title='bbox 578 3743 642 3796; x_wconf 89' lang='lat' dir='ltr'>me</span> <span class='ocrx_word' id='word_1_108' title='bbox 658 3715 815 3824; x_wconf 86' lang='lat' dir='ltr'>querelis</span> <span class='ocrx_word' id='word_1_109' title='bbox 833 3718 1022 3800; x_wconf 85' lang='lat' dir='ltr'>exanimas</span> <span class='ocrx_word' id='word_1_110' title='bbox 1034 3715 1132 3804; x_wconf 77' lang='lat' dir='ltr'>tuis?</span> <span class='ocrx_word' id='word_1_111' title='bbox 1347 3799 1351 3804; x_wconf 77' lang='grc'><em>,</em></span> 
     </span>
     <span class='ocr_line' id='line_1_23' title="bbox 358 3825 1331 3960; baseline 0.001 -28"><span class='ocrx_word' id='word_1_112' title='bbox 358 3893 369 3932; x_wconf 65' lang='grc' dir='ltr'>ι</span> <span class='ocrx_word' id='word_1_113' title='bbox 436 3877 440 3884; x_wconf 79' lang='grc'>’</span> <span class='ocrx_word' id='word_1_114' title='bbox 485 3852 573 3934; x_wconf 89' lang='lat' dir='ltr'>Nec</span> <span class='ocrx_word' id='word_1_115' title='bbox 590 3851 662 3932; x_wconf 85' lang='lat' dir='ltr'>Dis</span> <span class='ocrx_word' id='word_1_116' title='bbox 678 3851 848 3932; x_wconf 88' lang='lat' dir='ltr'>amicum</span> <span class='ocrx_word' id='word_1_117' title='bbox 867 3825 933 3953; x_wconf 86' lang='lat' dir='ltr'>est,</span> <span class='ocrx_word' id='word_1_118' title='bbox 954 3877 1025 3933; x_wconf 92' lang='lat' dir='ltr'>nec</span> <span class='ocrx_word' id='word_1_119' title='bbox 1042 3846 1153 3953; x_wconf 88' lang='lat' dir='ltr'>mihi,</span> <span class='ocrx_word' id='word_1_120' title='bbox 1176 3866 1212 3930; x_wconf 89' lang='lat' dir='ltr'>te</span> <span class='ocrx_word' id='word_1_121' title='bbox 1230 3851 1331 3960; x_wconf 88' lang='lat' dir='ltr'>prius</span> 
     </span>
     <span class='ocr_line' id='line_1_24' title="bbox 414 3991 1249 4105; baseline 0.001 -30"><span class='ocrx_word' id='word_1_122' title='bbox 414 3992 545 4105; x_wconf 84' lang='lat' dir='ltr'>Obire,</span> <span class='ocrx_word' id='word_1_123' title='bbox 565 3991 778 4093; x_wconf 84' lang='lat' dir='ltr'>Maecenas,</span> <span class='ocrx_word' id='word_1_124' title='bbox 800 4019 973 4076; x_wconf 85' lang='lat' dir='ltr'>mearum</span> <span class='ocrx_word' id='word_1_125' title='bbox 1081 4063 1086 4074; x_wconf 90' lang='lat'><em>.</em></span> <span class='ocrx_word' id='word_1_126' title='bbox 1185 4081 1188 4085; x_wconf 66' lang='grc'><em>,</em></span> <span class='ocrx_word' id='word_1_127' title='bbox 1233 4079 1249 4084; x_wconf 75' lang='grc'>,,</span> 
     </span>
     <span class='ocr_line' id='line_1_25' title="bbox 435 4131 1426 4260; baseline 0.013 -41"><span class='ocrx_word' id='word_1_128' title='bbox 435 4131 437 4136; x_wconf 66' lang='grc'><em>’</em></span> <span class='ocrx_word' id='word_1_129' title='bbox 472 4137 755 4257; x_wconf 35' lang='grc' dir='ltr'>ῦῐαηάοΐὰςςυε</span> <span class='ocrx_word' id='word_1_130' title='bbox 781 4135 1209 4260; x_wconf 57' lang='grc' dir='ltr'>οοῙυωςῡῇῑὶῌθῐῦΨὲ.</span> <span class='ocrx_word' id='word_1_131' title='bbox 1243 4186 1266 4233; x_wconf 89' lang='grc'>.;</span> <span class='ocrx_word' id='word_1_132' title='bbox 1298 4237 1307 4250; x_wconf 48' lang='grc'>,</span> <span class='ocrx_word' id='word_1_133' title='bbox 1337 4177 1426 4232; x_wconf 65' lang='lat' dir='ltr'>a</span> 
     </span>
    </p>
   </div>
   <div class='ocr_carea' id='block_1_5' title="bbox 1337 4403 1421 4522">
    <p class='ocr_par' dir='ltr' id='par_1_5' title="bbox 1337 4403 1421 4522">
     <span class='ocr_line' id='line_1_26' title="bbox 1337 4403 1421 4522; baseline 0 0"><span class='ocrx_word' id='word_1_134' title='bbox 1337 4403 1421 4522; x_wconf 78' lang='lat' dir='ltr'>n,-</span> 
     </span>
    </p>
   </div>
   <div class='ocr_carea' id='block_1_6' title="bbox 0 0 1650 5267">
    <p class='ocr_par' dir='ltr' id='par_1_6' title="bbox 0 0 1650 5267">
     <span class='ocr_line' id='line_1_27' title="bbox 0 0 1650 5267; baseline 0 7"><span class='ocrx_word' id='word_1_135' title='bbox 0 0 1650 5267; x_wconf 95' lang='lat' dir='ltr'> </span> 
     </span>
    </p>
   </div>
  </div>
 </body>
</html>
