3292 5267
473 369 743 464 Euouou
796 362 1012 518 Lrnnn.
1172 408 1269 507 137
1393 412 1395 419 ·

186 568 284 660 Nec
302 570 482 656 excitatur
499 545 645 653 claffico
663 544 778 654 miles
796 576 905 676 truci,
1120 597 1125 601 ·
1240 606 1267 691 ς

141 769 143 773 1
258 715 347 797 Nec
361 713 487 797 horret
502 711 639 794 iratum
658 739 761 794 mare
766 753 786 832 5

188 853 416 966 Forumque
431 853 534 956 vitat,
553 869 592 933 et
606 851 764 963 superba
780 852 924 961 civium
946 904 952 914 ·

258 999 517 1083 Potentiorum
536 993 681 1078 limina.
733 1053 736 1059 -

189 1141 302 1251 Ergo
316 1156 382 1222 aut
401 1135 528 1220 adulta
546 1135 683 1242 vitium
700 1134 906 1246 propagine

247 1281 365 1364 Altas
381 1279 529 1363 maritat
542 1276 727 1388 populos3

188 1426 279 1506 Aut
295 1423 337 1506 in
353 1399 507 1504 seduna
524 1418 619 1501 valle
639 1419 895 1529 mugientium

258 1560 471 1670 Prospeeiat
489 1575 649 1640 errantes
666 1585 824 1668 greges;
865 1610 872 1620 -

191 1699 423 1810 Inutilesque
443 1697 681 1782 falce.ramos
700 1675 913 1812 amputans,

256 1839 456 1922 Feliciores
474 1840 624 1925 inserit:
787 1943 788 1946 p

192 1983 280 2063 Aut
298 1979 413 2092 preffa
434 1981 536 2091 puris
556 1979 672 2064 mella
690 1975 819 2063 condit
837 1980 1059 2094 amphoris3
1217 2012 1234 2067 ι
1244 2010 1270 2098 ς

257 2121 341 2200 Aut
358 2119 489 2200 tondet
501 2117 668 2202 infirmas
681 2145 780 2202 oves.
1208 2115 1211 2120 ’
1289 2116 1291 2120 ’

192 2255 285 2360 Vel,
304 2285 398 2342 cum
418 2257 600 2342 decorum
618 2251 773 2361 mitibus
786 2258 911 2370 pomis
928 2276 1040 2370 caput

257 2401 479 2485 Autumnus
498 2401 592 2482 arvis
608 2398 758 2499 extulit,

194 2538 255 2622 Ut
271 2541 408 2648 gaudet
418 2540 564 2622 infitiva
580 2535 782 2648 decerpens
798 2544 905 2648 pyra,

258 2681 476 2764 Certantem
499 2698 538 2763 et
562 2707 677 2762 uvam
695 2673 895 2792 purpurae,
1211 2707 1279 2802 ρο,

193 2823 284 2932 Qa
301 2839 517 2904 muneretur
536 2839 586 2924 te,
610 2821 755 2931 Priape,
774 2839 812 2903 et
829 2839 880 2921 te,
898 2837 1005 2933 pater

256 2958 415 3061 Silvane,
429 2977 530 3044 tutor
543 2960 680 3044 finium
693 2962 740 3048 l.
793 3022 798 3030 .
1060 2937 1064 2945 Ἴ

192 3098 307 3186 Libet
318 3103 440 3210 jacere
458 3103 576 3184 modo
595 3100 663 3180 sub
679 3099 833 3207 antiqua
845 3101 943 3198 ilice,

255 3239 382 3320 Modo
393 3241 434 3320 in
448 3238 569 3320 tenaci
586 3236 783 3346 gramine:

194 3373 392 3478 Labuntur
407 3373 488 3458 altis
506 3375 656 3458 interim
670 3373 757 3457 rivis
773 3401 912 3490 aque,
1210 3402 1235 3461 2
1241 3403 1268 3492 5

194 3630 196 3636 y
257 3516 530 3627 Qerunturin
549 3507 777 3617 filvis.aves;¹
847 3585 895 3594 ..
1058 3591 1061 3595 ,
1210 3595 1213 3601 .
1259 3526 1264 3532 ’

195 3655 406 3768 Fontesque
419 3658 587 3773 lymphis
604 3637 820 3774 obstrepunt
833 3660 1085 3769 manantibus,
1127 3650 1143 3737 Ῐ
1200 3698 1203 3702 ·

259 3803 423 3898 Somnos
436 3803 542 3914 quod
558 3803 689 3887 invitet
706 3805 815 3889 leves.

181 3937 252 4026 'At
266 3963 359 4024 cum
375 3937 535 4026 tonantis
556 3971 675 4027 annus
692 3942 873 4048 hibernus
895 3947 1001 4060 Jovis
1028 4007 1034 4016 ‚
1057 4011 1062 4018 ¹

259 4081 404 4170 Imbres
420 4084 595 4198 nivesque
608 4103 802 4202 comparat
809 4076 878 4188 ss
992 4155 1010 4165 ..
1102 4153 1108 4164 .
1191 4154 1198 4160 .
1209 4113 1269 4200 3⁰

1138 4346 1311 4500 ‘Aut'
