3292 5267
352 469 418 572 92
560 404 929 570 Qilomu
960 433 1187 534 Fraccr

349 1065 506 1182 Campis
521 1065 754 1146 continuem.
786 1061 909 1144 multa
924 1062 1141 1172 petentibus

411 1205 562 1290 Desunt
579 1201 717 1288 multa.
744 1201 926 1302 brocost,
943 1203 1131 1286 cuiDeus
1150 1202 1291 1286 obtulit

324 1353 330 1366 '
465 1347 595 1448 Parca,
625 1343 823 1456 quodfitis
837 1344 907 1444 est,
931 1371 1064 1430 manu.

675 1624 853 1706 ODE
910 1627 1045 1718 xvn.

521 1769 620 1859 An
665 1769 939 1858 Arrrorr
973 1769 1249 1864 errrrrr.

348 2049 351 2062 '
476 2041 601 2140 ELI,
632 2037 777 2124 vetusto
794 2042 929 2126 nobilis
953 2046 1002 2128 ab
1017 2049 1157 2166 Lamo,

511 2183 695 2294 (Quando
708 2201 746 2266 et
758 2187 898 2296 priores
913 2186 1007 2270 hinc
1018 2192 1170 2272 Lamias
1186 2185 1312 2273 'ferunt

410 2325 699 2428 Denominatos,
725 2343 764 2406 et
790 2347 975 2438 nepotum
1415 2327 1420 2332 ’

470 2465 545 2546 Per
558 2491 747 2548 memores
758 2495 876 2577 genus
894 2498 1010 2554 omne
1026 2471 1158 2579 fastos)
1321 2541 1328 2554 .

352 2595 521 2688 Αίιᾶοτε
538 2605 586 2686 ab
601 2605 667 2688 illo
681 2607 787 2690 ducis
800 2609 1001 2720 originem,
1403 2636 1430 2722 ς

206 2745 211 2754 ’
352 2745 434 2852 Qi
447 2745 689 2827 Formiarum
705 2749 856 2828 moenia
872 2750 1009 2832 dicitur

413 2882 602 2992 Princeps,
641 2901 679 2964 et
708 2885 902 2967 innantem
922 2889 1091 2972 Maricae

272 3071 278 3084 ,
363 3058 368 3068 ·
431 3115 436 3122 .
470 3018 658 3104 Litoribus
675 3022 827 3104 tenuiffe
839 3024 947 3105 Lirin

352 3161 446 3243 Late
463 3175 652 3270 tyrannus.
685 3189 763 3243 cras
784 3162 884 3245 foliis
903 3193 1039 3247 nemur
1087 3203 1092 3212 ·
1129 3169 1132 3174 ’
1310 3165 1315 3172 ’

353 3291 503 3399 Multo,
530 3318 567 3381 et
581 3299 663 3410 alga
675 3299 760 3382 litus
779 3303 904 3386 inutili

416 3439 586 3526 Demiffa
606 3445 802 3554 tempestas
819 3445 869 3524 ab
887 3447 992 3526 Euro

475 3585 639 3680 Sternet;
670 3611 787 3691 aquae
805 3584 872 3665 nifi
891 3583 988 3664 fallit
1007 3610 1127 3690 augur

355 3720 508 3834 Annosa
522 3721 664 3804 cornix.
683 3721 777 3808 dum
791 3740 910 3833 potes,
945 3722 1095 3804 aridum

197 3862 201 3871 ’
355 3867 556 3973 Compone
573 3863 720 3974 lignum
741 3897 767 3946 r.
787 3893 866 3948 cras
879 3865 1035 3973 genium
1052 3889 1159 3944 mero

418 4005 587 4106 Curabis,
613 4024 652 4089 et
667 4035 782 4118 porco
794 4006 973 4106 bimestri,
1224 4083 1227 4087 .
1377 4035 1395 4093 1
1405 4032 1431 4118 ς

352 4172 358 4189 ’
477 4149 581 4231 Cum
600 4148 751 4270 famulis
769 4146 1084 4262 operumsolutis.
