3292 5267
258 539 264 546 .
329 511 342 522 -
412 477 508 556 102
600 449 1256 596 ΙΟὲΗοιΑτιιΙῑωιοω

748 794 926 880 ouu
987 744 1139 882 xxm.

664 933 770 1030 An
817 927 1246 1035 Virunum·

538 1215 645 1298 IXI
669 1213 804 1326 puellis
832 1241 952 1326 nuper
967 1214 1137 1319 idoneus,

400 1412 404 1438 .
560 1357 613 1438 Et
628 1355 786 1442 militavi
803 1384 882 1442 uon
894 1357 972 1438 fine
989 1356 1127 1466 gloria:

467 1500 586 1582 Nunc
603 1525 708 1582 arma
724 1498 1021 1618 defuustumque
1036 1501 1140 1583 bello

525 1641 703 1724 Barbiton
718 1637 783 1722 bic
796 1641 916 1752 paries
934 1637 1102 1743 habebit,

406 1785 578 1882 Laevum
597 1781 761 1865 marinae
781 1781 848 1890 qui
867 1781 1024 1864 Veneris
1044 1781 1142 1866 latus

405 1921 590 2014 Custodit.
621 1918 699 2020 hic,
716 1917 781 2001 bic
801 1919 929 2030 ponite
948 1919 1074 2004 lucida

134 2095 138 2106 ·
306 2119 310 2126 ,
468 2060 638 2160 Funalia,
661 2077 699 2140 et
718 2063 855 2160 vectes,
873 2077 912 2140 et
924 2087 1032 2142 arcus

423 2303 427 2312 1
527 2200 716 2312 Opposrtis
732 2199 875 2282 foribus
887 2201 1064 2284 nunaoes.

405 2349 459 2448 O,
477 2372 573 2456 quae
587 2345 735 2434 beatam
749 2342 852 2426 Diva
870 2360 972 2424 tener
988 2345 1174 2454 Cyprum,
1191 2358 1231 2424 et

402 2486 629 2600 Memphim
645 2501 834 2568 carentem
854 2483 1022 2572 Sithonia
1037 2485 1137 2586 nive,

468 2628 629 2738 Regina,
649 2623 801 2710 sublimi
819 2625 970 2739 flagello

522 2771 659 2881 Tange
677 2766 827 2850 Chloen
843 2769 958 2851 semel
970 2783 1217 2878 arrogantem.

740 3047 779 3127 Ο
809 3045 916 3128 DE
976 3046 1149 3130 xxvn.

471 3189 562 3287 An
593 3186 925 3284 Gnnnunnu
955 3188 1402 3284 Nnvronru'nnn.

458 3468 509 3552 M
521 3470 553 3551 P
567 3471 585 3548 1
597 3469 671 3549 OS
696 3495 823 3580 parrae
841 3462 1035 3547 recinentis
1053 3496 1167 3550 omen

361 3699 370 3706 ,
399 3493 450 3708 Ι
482 3608 621 3705 Ducat,
640 3623 678 3686 et
695 3631 900 3718 praegnans
916 3606 1030 3703 cunin,
1052 3623 1115 3687 eut
1128 3606 1177 3687 ab
1190 3629 1282 3716 agro

398 3751 504 3831 Rava
521 3749 716 3830 decurrens
734 3748 822 3859 lupa
842 3748 1055 3852 Lanuvino,

515 3887 703 4015 Foetaque
722 3863 877 3999 vulpes:

368 4059 372 4074 ’
396 4028 561 4141 Rumpit
576 4044 614 4108 et
627 4029 774 4141 serpeus
789 4029 858 4119 iter
876 4028 1105 4138 instituturu,'

273 4185 275 4192 “
397 4167 435 4248 Si
452 4193 519 4281 per
533 4166 733 4288 obliquum
749 4168 879 4254 limilit
898 4168 1048 4285 sagittae
