3292 5267
399 419 462 557 36
634 420 990 551 QHotnrrr
1025 426 1248 524 Fasces

731 783 909 889 ope
971 784 1142 870 xxxv,

673 923 720 1014 A
748 955 778 1017 u
837 926 1235 1023 Fortunam

539 1198 651 1299 Diva,
673 1217 823 1309 gratum
841 1226 937 1307 quae
956 1201 1052 1311 regis
1069 1204 1243 1305 Antium,
1275 1210 1281 1216 ’

539 1342 711 1421 Praesens
730 1340 789 1422 vel
805 1340 887 1420 imo
902 1338 1030 1423 tollere
1043 1343 1090 1425 de
1107 1345 1225 1455 gradu

456 1481 622 1564 Mortale
641 1509 791 1591 corpus,
810 1477 870 1560 vel
890 1479 1064 1591 superbos

516 1624 671 1705 Vertere
689 1621 882 1703 funeribus
898 1624 1135 1733 triumphos:

395 1767 459 1847 Te
470 1792 610 1876 pauper
629 1764 749 1843 ambit
766 1763 908 1842 solicita
926 1762 1040 1871 pr'ece
1091 1772 1095 1777 ’

395 1906 511 1987 Ruris
528 1904 682 1985 colonus
692 1940 705 2001 t
740 1918 777 1983 te
796 1900 994 1991 dominam
1013 1904 1198 2014 aequoris,

352 2060 355 2065 ’
457 2047 685 2155 Quicunque
700 2042 863 2154 Bithyna
879 2041 1018 2127 laceffit

517 2186 767 2297 Carpathium
784 2184 937 2295 pelagus
950 2186 1085 2272 carina.
1104 2241 1108 2249 ·

397 2328 460 2408 Te
474 2328 602 2408 Dacus
619 2326 737 2435 asper,
752 2342 790 2405 te
803 2322 964 2434 profugi
975 2326 1151 2434 Scythae,¹
1469 2394 1473 2402 .

331 2576 332 2581 Ν
400 2467 608 2576 Urbesque‚
628 2464 841 2577 gentesque,
859 2481 898 2544 et
916 2464 1072 2546 Latium
1088 2438 1209 2567 serox,
1409 2494 1471 2550 ,ιο

461 2610 695 2719 Regumque
712 2623 850 2688 matres
865 2604 1122 2707 barbarorum,
1146 2624 1186 2688 et

521 2752 703 2861 Purpurei
722 2746 897 2831 metuunt
913 2750 1059 2857 tyranni
1070 2790 1086 2845 ς
1203 2749 1205 2752 ’

401 2888 582 2997 Injurioso
601 2917 649 2970 ne
665 2889 762 2998 pede
783 2889 953 2997 proru'as'
976 2892 982 2942 ἶ
1181 2890 1187 2899 ’

399 3034 567 3115 Stantem
594 3029 816 3111 columnam
828 3069 841 3128 3
875 3022 951 3113 ne'u
959 3025 966 3096 Ῑ
976 3030 1140 3143 populus
1165 3029 1341 3146 frequens

462 3170 529 3251 Ad
546 3197 650 3251 arma
669 3166 926 3269 cenantes,³ad
940 3186 1085 3253 arma
1123 3234 1126 3241 .
1415 3198 1432 3254 1
1444 3199 1467 3282 ς

520 3308 706 3408 Concitet,
729 3284 1009 3420 imperiumque
1028 3309 1186 3423 frmgat.
1229 3346 1234 3361 ·

401 3452 463 3531 Te
481 3445 625 3559 semper
638 3450 752 3531 anteit
769 3431 881 3529 saeva
888 3447 1106 3549 Neceffitas,
1184 3515 1188 3521 .
1214 3515 1222 3523 .

401 3586 536 3669 Clavos
554 3584 708 3665 trabales
729 3601 768 3664 et
783 3590 1056 3667 cuneosmanu
1102 3591 1104 3594 ’
1146 3655 1149 3660 .

464 3722 623 3810 Gestans
639 3717 783 3801 ahena:
814 3737 888 3803 nec‘
903 3722 1047 3803 severus
1132 3788 1138 3798 .

522 3862 654 3941 Uncus
671 3859 786 3958 abest,
807 3859 1070 3971 liquidumque
1089 3859 1306 3973 plumbum.
1416 3888 1472 3947 πο
1638 3877 1642 3886 ’

401 4003 464 4101 Te
486 4002 586 4111 Spes,
604 4019 643 4081 et
659 4000 746 4083 albo
764 4028 844 4082 rara
856 4001 969 4082 Fides
983 4002 1077 4083 colit
1150 4072 1153 4080 .

402 4142 534 4224 Velata
553 4169 691 4250 panno,
712 4170 782 4223 nec
793 4128 978 4247 comitem
995 4142 1166 4255 abuegat,

465 4266 668 4395 Utcunque
682 4299 826 4366 mutata
844 4299 1014 4397 potentes

1363 4414 1477 4532 Veste.
1623 4476 1626 4482 ·
