3292 5267
364 449 703 543 Cnnnruutr
738 398 927 539 Linon
964 445 1051 541 111.
1203 470 1280 572 79.

255 655 346 760 Jam
373 678 488 750 nunc,
504 668 541 730 et
558 647 717 729 incestos
734 671 882 729 amores

310 795 374 873 De
394 809 520 873 tenero
538 786 738 870 medium
751 788 886 896 ungui.

194 933 296 1015 Mox
307 930 475 1039 juniores
487 928 631 1037 quaerit
647 923 834 1007 adulteros

195 1074 297 1152 Inter
315 1068 439 1148 mariti
457 1068 570 1183 vina5
600 1082 723 1173 neque
740 1063 845 1173 eligit
947 1143 950 1149 .

253 1210 327 1292 Cui
346 1208 463 1291 donet
478 1204 706 1318 impermiffi
723 1205 866 1315 raptim
974 1314 978 1322 ι

156 1380 162 1387 ·
312 1349 476 1461 Gaudia,
495 1348 706 1431 liminibus
718 1345 874 1427 remotio
885 1384 901 1444 3

192 1487 265 1571 Sed
280 1486 372 1600 julla
388 1514 530 1585 coram,
550 1514 629 1567 non
645 1485 721 1565 fine
737 1483 890 1567 conscio

194 1630 323 1739 Surgit
349 1628 484 1709 marito
496 1668 509 1726 3
542 1626 732 1709 seu—vocat
755 1624 913 1725 institor,
1214 1652 1270 1737 39

257 1770 333 1850 Seu
350 1768 454 1849 navis
474 1767 663 1879 Hispnme
681 1765 869 1876 magister,

205 1966 206 1969 κ
313 1909 558 1993 Dedecorum
577 1908 762 2020 preciosus
776 1923 914 1992 emtor.

198 2054 294 2135 Non
312 2048 372 2131 his
379 2052 559 2160 juventus
573 2062 653 2133 orto
673 2052 890 2163 parentibus

200 2192 337 2277 Infecit
352 2220 492 2304 aequor
506 2193 683 2303 sanguine
700 2194 857 2293 Punico,

251 2331 532 2444 Pyrrhumque,
564 2352 603 2415 et
619 2334 811 2445 ingentem
829 2330 966 2416 cecidit
1151 2342 1159 2393 ’-
1215 2356 1269 2441 35

312 2455 568 2560 Antiochum,
584 2456 892 2565 Amribolemque
909 2456 1060 2537 dirim:
1309 2466 1312 2475 '

197 2594 273 2678 Sed
291 2595 515 2679 rusticorum
531 2596 695 2678 mascula
708 2596 879 2679 militum
977 2584 981 2589 ¹

195 2734 337 2834 Proles,
358 2728 512 2817 Sabellis
528 2737 639 2831 doeio
656 2737 845 2848 ligonibus

254 2876 408 2959 Versore
426 2878 566 2988 glebas,
583 2881 783 2963 et'feverae

314 3017 449 3099 Matris
466 3019 514 3099 ad
533 3021 731 3103 arbitrium
745 3018 878 3101 recisos
1211 3044 1270 3123 40

196 3154 347 3237 Portare
366 3155 481 3274 fustes
492 3200 506 3257 3
538 3160 591 3241 sol
608 3160 675 3241 ubi
692 3160 887 3240 montium
1036 3175 1038 3179 ’

196 3294 368 3378 Mutaret
382 3298 550 3400 umbras,
564 3298 877 3407 etjugademetet

258 3438 385 3519 Bobus
399 3436 572 3549 fatigatis,
595 3439 769 3521 amicum

317 3580 494 3691 Tempus
512 3605 624 3691 agens
645 3580 805 3661 abemte
822 3602 949 3661 crum.
1108 3614 1142 3627 ··

198 3721 390 3803 Damnosa
409 3723 500 3831 quid
520 3752 598 3804 non
615 3723 810 3804 imminuit
825 3722 933 3805 diet?
1211 3742 1267 3827 45
1365 3710 1369 3715 ’

197 3862 313 3941 Aetas
328 3880 539 3971 parentum,
556 3864 660 3974 pejor
676 3863 765 3965 avie,
785 3861 871 3943 tulit

256 4002 342 4083 Nos
365 4004 573 4109 nequiores,
592 4032 686 4086 mox
703 4003 854 4083 damon

317 4141 544 4253 Progeniem
565 4144 801 4229 vitiofiorem.
