3292 5267
398 435 474 551 :84
613 419 1259 568 .²Q.Hpuur11F1,ucci

403 631 527 716 Audis
547 658 626 739 quo
648 628 802 739 strepitu
814 629 940 735 janua,
969 652 1048 734 quo
1065 647 1201 704 nemus

405 773 507 854 Inter
525 765 683 880 pulchra
701 767 812 848 fitum
832 763 1131 872 testaremugiat

403 913 567 1023 Ventis?
600 927 638 990 et
655 909 787 1020 positus
806 924 848 988 ut
865 905 1005 1014 glaciet.
1012 905 1113 986 nives

408 1053 419 1136 ζ
449 1054 569 1132 ·Puro
582 1050 740 1136 numine
754 1048 927 1158 Jupiter?

369 1241 372 1250 .
408 1190 601 1302 ingratam
620 1186 758 1266 Veneri
776 1213 876 1296 pone
893 1183 1118 1294 superbiam,
1216 1249 1220 1254 .

411 1331 478 1411 Ne
497 1343 666 1408 currente
680 1343 777 1414 retro
793 1324 894 1406 funis
907 1343 968 1406 eat
979 1343 1073 1407 rota.

409 1468 506 1550 Non
523 1484 559 1547 te
570 1465 787 1574 Penelopen
812 1463 1009 1546 difficilem
1031 1465 1157 1574 procis

473 1603 696 1714 Tyrrhenus
713 1604 842 1714 genuit
855 1629 997 1714 parens.

412 1749 469 1848 Q
483 1745 654 1856 quamvis
668 1771 791 1852 neque
805 1761 842 1824 te
855 1771 1023 1845 munera,
1045 1771 1116 1824 nec
1130 1770 1269 1853 preces,
1441 1786 1444 1792 ·

350 1867 353 1876 Ι
416 1888 510 1970 Nec
524 1885 662 1990 tinftup
677 1884 776 1966 viola
785 1884 909 1994 „pallor
925 1887 1150 1988 amantiinn,

419 2026 507 2108 Nec
524 2022 581 2104 vir
599 2020 719 2103 Pieria
736 2021 870 2132 pellice
882 2022 1027 2104 saucius

478 2165 618 2244 Curvat
630 2200 645 2261 3
677 2161 908 2273 supplicibus
934 2164 1008 2244 tuis

346 2309 350 2316 '
416 2307 564 2404 Parcas,
575 2297 655 2385 'nec
672 2303 790 2413 rigida
803 2305 955 2387 mollior
969 2303 1106 2403 esculo,

416 2446 507 2530 Nec
524 2442 672 2526 Mauris
685 2441 814 2524 animo
829 2443 958 2528 mitior
976 2444 1193 2554 anguibus..

421 2583 518 2670 Nou
531 2583 606 2666 hoc
624 2587 769 2696 semper
783 2585 854 2669 erit
865 2585 1008 2670 liminis
1019 2598 1086 2674 aut
1096 2613 1214 2696 aquae
1376 2646 1382 2652 .
1400 2646 1403 2650 -

482 2724 663 2809 Coelestis
676 2727 819 2842 patiens
834 2727 945 2812 latus.

556 3047 564 3084 .·
694 3041 699 3049 ·
803 3004 984 3090 ODE
1044 3006 1121 3090 ΧῙ.

636 3146 741 3241 An
796 3147 1275 3244 Muucuuiuu.
1350 3179 1353 3185 ’

572 3425 835 3521 ERCURI,
863 3428 974 3536 (nam
990 3445 1027 3508 te
1046 3425 1175 3510 docilis
1196 3425 1374 3534 magistro

596 3563 723 3644 Movit
741 3563 942 3675 Amphion
961 3564 1101 3676 lapides
1114 3565 1301 3671 canendo)

429 3706 574 3815 Tuque
592 3702 738 3786 testudo
754 3701 921 3788 resonare
933 3705 1075 3815 septem
1241 3705 1245 3710 ’
1310 3701 1316 3709 ’

400 3823 402 3831 ’
554 3841 700 3924 Callida
717 3841 853 3944 nervis,
1518 3949 1521 3955 Ι

430 3981 518 4064 Nec
536 3981 676 4091 loquax
693 3981 789 4074 olim
804 4010 929 4095 neque
945 3998 1059 4092 grata,
1077 4007 1241 4074 nuncet
1476 3981 1501 4102 ς’

436 4120 612 4204 Divitum
631 4121 765 4240 mensis
783 4139 821 4204 et
833 4121 955 4208 amica
970 4115 1144 4237 templsu
