3292 5267
244 379 246 385 ⁵
401 391 1052 496 Cnuuruuqunnnlli.
1182 431 1281 527 109.

250 605 421 688 'Tutum
437 633 505 714 per
522 607 688 712 Aegaeos
714 601 900 683 turnultus

330 743 433 824 Aura
446 741 551 840 ferat,
570 738 815 850 geminusque
828 737 982 828 pollura·

468 994 470 1002 ’
576 1017 755 1100 oon
815 1018 947 1106 xxx,
1053 1050 1056 1055 ·

191 1378 193 1387 Ι
314 1277 482 1364 XEGI
511 1258 812 1360 monumentum
828 1307 911 1362 aere
921 1242 1137 1391 perenniusss

345 1419 554 1528 Regalique
572 1419 641 1499 fitu
656 1418 901 1528 pyramidum
916 1419 1025 1500 altius
1039 1458 1054 1515 ς

49 1649 63 1670 ,
191 1557 325 1664 Qod
344 1549 422 1639 non
439 1559 561 1664 imber
581 1557 688 1658 edax,
705 1585 781 1639 non
800 1557 947 1666 Aquilo
964 1558 1152 1669 impotens

193 1697 323 1778 Poffit
343 1699 502 1800 diruere,
521 1717 585 1781 aut
602 1685 886 1781 innumerabilis

196 1823 412 1921 Annorum
432 1841 550 1943 series,
571 1860 609 1922 et
623 1839 718 1950 fuga
735 1847 970 1953 temporum}
1248 1818 1278 1952 Ις

197 1978 303 2060 Non
320 1983 444 2064 omnis
461 1982 622 2081 moriar3
639 1980 847 2090 xmultaque
864 2009 948 2092 pars
965 1970 1045 2064 mei

197 2118 351 2201 Vitabit
369 2123 589 2205 Libitinam.
622 2121 738 2230 usque
755 2148 827 2230 ego
844 2121 1001 2232 postera¹

61 2287 66 2296 ·
145 2255 154 2262 ’
200 2261 382 2348 Crescam
406 2265 515 2348 laude
537 2269 685 2365 recens3
700 2265 797 2346 dum
815 2263 1050 2375 Capitolium

204 2403 367 2488 Scandet
384 2435 476 2488 cum
489 2409 599 2488 tacita
616 2407 758 2515 virgine
779 2405 964 2514 pontifex.

108 2551 111 2558 “
205 2541 338 2643 Dicar,
367 2573 442 2652 qua
455 2543 598 2625 violens
616 2542 793 2650 obstrepit
812 2540 989 2639 Aufidus,
1228 2567 1280 2624 ιο

177 2779 188 2806 .
206 2683 348 2812 Etxqua
365 2714 506 2798 pauper
522 2687 643 2794 a'quae
660 2685 818 2765 Daunus
835 2681 1037 2792 agrestium
1089 2786 1093 2805 ,

207 2825 396 2936 Regnavit
410 2826 654 2939 populorum,
671 2853 719 2906 ex
733 2821 872 2905 humili
885 2839 1031 2934 potens,
1090 2889 1100 2905 .

206 2967 383 3080 Princeps
401 2969 582 3054 Aeolium
601 2995 754 3049 carmen
773 2964 820 3046 ad
849 2963 962 3047 Italos

208 3108 411 3190 Deduxiffe
430 3109 578 3192 modos.
609 3109 715 3187 sume
736 3103 951 3213 superbiam
1376 3213 1379 3216 ‚

208 3249 425 3354 Qaefitam
443 3248 597 3346 meritis,
617 3243 764 3326 etmihi
778 3241 968 3357 Delphica
1228 3265 1280 3351 ις
1303 3219 1306 3225 ¹

122 3393 124 3400 ’
210 3388 337 3473 Lauro
356 3388 464 3500 cinge
477 3385 618 3504 uolens,
635 3383 896 3496 Melpomene,
915 3404 1081 3464 comam,
1253 3381 1258 3394 '
