3292 5267
358 394 435 499 18
599 370 976 529 ‘QHoasrrr
1011 386 1242 495 Feaeer'

381 600 482 711 Q'
494 572 638 712 semper
651 628 823 700 vacuam,
838 599 984 711 semper
1002 599 1206 683 amabilem
1411 576 1468 687 ro

399 717 403 723 .
462 747 601 857 Sperat,
621 745 762 826 nescius
779 770 888 825 aurae

382 906 392 945 ‹³-
521 884 697 967 Fallacis!
727 884 865 983 miseri,
880 882 1017 992 quibus

387 1030 585 1113 intentata
603 1026 710 1112 nites.
741 1055 805 1108 me
818 1025 945 1142 tabula
961 1026 1061 1109 sacer

400 1168 539 1275 Votiva
556 1166 672 1276 paries
694 1166 833 1248 indicat
848 1166 961 1248 uvida

465 1289 694 1400 Suspendisse
711 1291 855 1399 potenti

387 1490 396 1515 ,,
523 1426 756 1515 Vestimenta
772 1433 886 1515 maris
900 1431 1001 1513 Deo.

779 1694 818 1773 Ο
848 1693 955 1773 DE
1016 1690 1090 1773 vl.

701 1836 793 1929 An
829 1836 1156 1929 Acareaasr.

484 2110 782 2195 CRIBERIS
808 2108 925 2191 Vario
948 2110 1070 2212 sortis,
1090 2129 1129 2195 et
1145 2108 1317 2197 hostium

600 2252 745 2351 vietor,
761 2250 1120 2336 mmmmm
1134 2223 1237 2353 are,

405 2398 536 2505 Qam
552 2418 635 2481 rem
649 2416 799 2498 ermque
814 2388 922 2472 ferox
931 2392 1088 2475 navibus
1101 2406 1168 2475 aut
1184 2390 1291 2500 equis
1389 2460 1396 2475 .

528 2527 644 2613 Miles
664 2548 702 2612 te
715 2530 813 2641 duce
832 2529 988 2641 gefferit.
1137 2586 1140 2591 -
1337 2512 1340 2515 ’

223 2688 224 2691 '
399 2678 499 2777 Nos,
514 2676 695 2784 Agrippa,
711 2700 833 2783 neque
851 2670 945 2755 haec
962 2670 1098 2775 dicere,
1112 2700 1184 2759 nec
1196 2699 1350 2786 gravem
1443 2694 1467 2780 ς

402 2814 552 2899 Pelidae
565 2810 806 2893 stomachum
826 2810 957 2893 cedere
971 2813 1098 2913 nescii,
1146 2882 1151 2889 .

293 3035 295 3040 .
401 2954 490 3036 Nec
510 2951 635 3033 cursus
648 2948 806 3059 duplicis
820 2978 887 3060 per
905 2978 1008 3032 mare
1027 2950 1182 3060 Ulysl'ei,

523 3092 611 3173 Nec
628 3088 773 3171 saevam
787 3088 936 3201 Pelopis
952 3090 1116 3174 domum

403 3234 612 3331 Conamur,
635 3250 763 3315 tenues
785 3232 956 3342 grandia:
988 3234 1085 3315 dum
1097 3232 1236 3345 pudor,
1276 3293 1283 3301 ,

405 3374 647 3485 imbellisque
665 3372 764 3483 lyrae
782 3376 896 3456 Musa
912 3394 1044 3484 potens
1060 3394 1159 3459 vetat
1270 3363 1280 3380 ’
1418 3398 1473 3455 10

405 3513 552 3593 Laudes
571 3512 709 3620 egregii
728 3512 905 3609 Caesaris,
924 3529 964 3591 et
983 3528 1066 3592 tuas

522 3648 648 3761 Culpa
664 3649 829 3731 deterere
848 3650 987 3760 ingeni.
1265 3704 1268 3707 ·

268 3810 276 3820 ·
404 3788 501 3896 Qis
518 3788 687 3871 Martem
707 3788 834 3869 tunica
850 3793 996 3873 testum
1013 3788 1255 3875 adamantina
1342 3846 1346 3856 ι

405 3930 533 4040 Digne
554 3928 757 4039 scripserit?
788 3949 854 4014 aut
866 3930 1018 4043 pulvere
1030 3933 1174 4015 Troico
1390 4002 1394 4007 .

403 4070 574 4181 Nigrum
591 4068 821 4156 Merio'nenl
850 4091 916 4155 aut
931 4100 1006 4185 ope
1025 4074 1188 4159 Palladis
1344 4096 1346 4100 ·
1420 4096 1437 4157 1
1447 4094 1475 4183 ς

526 4211 873 4328 Tydiden.:superis
890 4220 1050 4333 peremi
1437 4213 1454 4247 ³

1390 4345 1481 4431 Nos
