3292 5267
387 387 453 550 (ii
629 449 1274 580 QHoueruiFureet·

386 655 504 762 Qud
522 652 549 734 fi
568 651 758 732 dolentem
773 680 843 732 nec
862 649 1048 759 Phrygius
1066 636 1170 760 lapie,
1232 703 1236 711 -
1268 701 1272 707 -
1404 690 1413 706 ι

386 797 475 878 Nec
490 823 739 906 purpurarum
757 793 877 874 fidere·
888 793 1020 873 clarior

452 938 606 1020 Delenit
621 939 718 1035 usne,
733 964 802 1016 nec
820 934 977 1016 Falerna
1062 993 1066 998 -

511 1075 620 1174 Vitis,
641 1073 1022 1182 Achaemeniumque
1038 1073 1206 1172 costum,
1263 1125 1277 1133 ι·
1329 1127 1332 1130 ⁴
1458 1099 1480 1130 ··

391 1209 472 1300 Cur
488 1215 695 1297 invidendis
712 1215 893 1325 postibus,
909 1233 948 1296 et
961 1243 1060 1296 novo
1193 1249 1197 1254 ·
1218 1260 1224 1268 ‹
1256 1271 1259 1275 J
1402 1240 1461 1326 45

395 1343 566 1444 sublime
585 1357 660 1439 ritu
673 1356 808 1436 moliar
826 1357 993 1437 atrium?
1086 1411 1096 1422 a
1230 1410 1233 1414 -

451 1501 533 1612 Cur
549 1495 643 1576 valle
662 1513 878 1606 permutem
893 1486 1027 1574 Sabina
1125 1553 1129 1559 .

511 1636 669 1719 Divitias
687 1637 941 1748 opetofiores?

790 1861 970 1995 unu
1032 1917 1085 1997 11.
1237 1969 1243 1975 .
1365 1893 1368 1899 “

400 2193 869 2416 ΑΝΟΠΘΤΑΜ,
885 2129 1025 2292 amice,
1044 2193 1261 2305 pauperiem
1277 2192 1364 2302 pati-
1457 2242 1467 2255 -
1644 2174 1645 2181 Ν

558 2332 751 2414 Robustus
767 2333 844 2412 acri
861 2331 997 2411 militia
1013 2361 1106 2442 puer
1153 2373 1165 2400 ι
1412 2383 1419 2392 ,

465 2473 666 2557 Condiscat
678 2515 692 2574 3
721 2491 760 2558 et
775 2471 933 2556 Parthos
951 2471 1094 2556 feroces
1158 2531 1189 2548 ..

522 2618 647 2700 Vexet
662 2644 777 2730 eques
794 2615 1017 2699 metuendus
1034 2615 1136 2698 hasta
1148 2657 1175 2714 ;‹

403 2761 611 2868 Vitamque
628 2760 696 2841 sub
714 2760 790 2860 dio,
817 2778 858 2840 et
872 2759 1028 2869 trepidis·
1040 2777 1125 2869 agat
1153 2817 1173 2823 ··
1232 2808 1237 2820 ·
1451 2783 1483 2864 5--
1548 2787 1552 2793 v

404 2903 454 2982 In
472 2903 599 2982 rebus:
621 2900 733 2982 illum
745 2929 794 2980 ex
808 2900 1174 2982 moenibus-hosticis
1192 2953 1197 2960 -

468 3040 649 3125 Matrona
664 3038 836 3121 bellantis
851 3031 1000 3150 tyranni
1039 3097 1042 3102 -
1084 3129 1087 3134 ¹

528 3179 771 3291 Prospiciens,
785 3200 823 3262 et
841 3180 967 3262 adulta
984 3180 1090 3288 virgo
1126 3235 1129 3242 -

411 3319 586 3433 Suspiret,
609 3319 740 3404 Eheu!
773 3349 822 3403 ne
839 3321 942 3403 rudis
958 3322 1157 3432 agminum
1317 3372 1321 3378 -

415 3462 575 3576 Sponsus
589 3462 735 3545 lacessat
746 3463 868 3570 regius
884 3462 1055 3573 asperum
1103 3518 1106 3522 -
1161 3519 1164 3524 -
1410 3475 1478 3550 >¹10

476 3605 605 3686 Tauu
625 3603 789 3703 leonem,-
808 3629 926 3710 quem
944 3618 1099 3682 cruenta

527 3744 599 3824 Per
614 3743 754 3824 medias
772 3743 867 3854 rapit
887 3744 942 3826 ira
961 3743 1102 3825 caedes.
1199 3831 1204 3839 ,
1225 3799 1227 3803 -

413 3881 541 3967 Dulce
558 3899 596 3961 et
612 3881 794 3964 decorum
813 3882 867 3964 est
884 3906 953 3996 pto
972 3883 1087 3993 patria
1105 3884 1224 3967 mori:

414 4027 527 4108 Mors
544 4041 582 4104 et
597 4021 774 4134 fugacem
790 4024 1020 4136 persequitur
1038 4025 1162 4105 virum
1171 4063 1185 4122 5

464 4164 567 4245 -Nee
584 4163 701 4273 parcit
719 4161 882 4244 imbellis
896 4167 1071 4275 juventae
1351 4207 1362 4219 ·
1430 4186 1446 4240 1
1458 4184 1481 4264 ς

541 4304 763 4423 Poplitibus,
783 4304 994 4421 timidoque
1008 4325 1124 4429 tergo.

1358 4436 1488 4519 Virtus
