<?xml version="1.0" encoding="UTF-8"?>
<!DOCTYPE html PUBLIC "-//W3C//DTD XHTML 1.0 Transitional//EN"
    "http://www.w3.org/TR/xhtml1/DTD/xhtml1-transitional.dtd">
<html xmlns="http://www.w3.org/1999/xhtml" xml:lang="en" lang="en">
 <head>
  <title>
</title>
<meta http-equiv="Content-Type" content="text/html;charset=utf-8" />
  <meta name='ocr-system' content='tesseract 3.04.00' />
  <meta name='ocr-capabilities' content='ocr_page ocr_carea ocr_par ocr_line ocrx_word'/>
</head>
<body>
  <div class='ocr_page' id='page_1' title='image "./quintihoratiifl06horagoog_0186.png"; bbox 0 0 3292 5267; ppageno 0'>
   <div class='ocr_carea' id='block_1_1' title="bbox 397 383 1217 542">
    <p class='ocr_par' dir='ltr' id='par_1_1' title="bbox 397 379 1297 542">
     <span class='ocr_line' id='line_1_1' title="bbox 397 383 1217 542; baseline 0.007 -42"><span class='ocrx_word' id='word_1_1' title='bbox 397 407 496 533; x_wconf 72' lang='lat'>1&#39;24</span> <span class='ocrx_word' id='word_1_2' title='bbox 599 383 961 542; x_wconf 73' lang='lat' dir='ltr'><strong>QHorurir</strong></span> <span class='ocrx_word' id='word_1_3' title='bbox 995 407 1217 505; x_wconf 73' lang='lat' dir='ltr'><strong>Fracc‘r</strong></span> 
     </span>
    </p>
   </div>
   <div class='ocr_carea' id='block_1_2' title="bbox 328 608 1464 3681">
    <p class='ocr_par' dir='ltr' id='par_1_2' title="bbox 328 608 1464 3681">
     <span class='ocr_line' id='line_1_2' title="bbox 390 608 1122 718; baseline -0.004 -23"><span class='ocrx_word' id='word_1_4' title='bbox 390 614 436 696; x_wconf 92' lang='lat' dir='ltr'>N</span> <span class='ocrx_word' id='word_1_5' title='bbox 436 639 486 694; x_wconf 89' lang='lat' dir='ltr'><strong>on</strong></span> <span class='ocrx_word' id='word_1_6' title='bbox 504 611 617 693; x_wconf 88' lang='lat' dir='ltr'><strong>incisa</strong></span> <span class='ocrx_word' id='word_1_7' title='bbox 634 609 731 690; x_wconf 87' lang='lat' dir='ltr'><strong>notis</strong></span> <span class='ocrx_word' id='word_1_8' title='bbox 749 635 937 690; x_wconf 89' lang='lat' dir='ltr'><strong>marmora</strong></span> <span class='ocrx_word' id='word_1_9' title='bbox 950 608 1122 718; x_wconf 84' lang='lat' dir='ltr'>publicis,</span> 
     </span>
     <span class='ocr_line' id='line_1_3' title="bbox 389 750 1112 864; baseline -0.004 -26"><span class='ocrx_word' id='word_1_10' title='bbox 389 751 463 839; x_wconf 75' lang='lat' dir='ltr'><strong>Per</strong></span> <span class='ocrx_word' id='word_1_11' title='bbox 480 779 576 864; x_wconf 90' lang='lat' dir='ltr'><strong>quae</strong></span> <span class='ocrx_word' id='word_1_12' title='bbox 598 751 741 861; x_wconf 85' lang='lat' dir='ltr'><strong>spiritus</strong></span> <span class='ocrx_word' id='word_1_13' title='bbox 753 767 791 831; x_wconf 93' lang='lat' dir='ltr'><strong>et</strong></span> <span class='ocrx_word' id='word_1_14' title='bbox 804 751 880 831; x_wconf 89' lang='lat' dir='ltr'><strong>vita</strong></span> <span class='ocrx_word' id='word_1_15' title='bbox 896 750 990 830; x_wconf 90' lang='lat' dir='ltr'><strong>redit</strong></span> <span class='ocrx_word' id='word_1_16' title='bbox 1002 751 1112 835; x_wconf 78' lang='lat' dir='ltr'><strong>bonis</strong></span> 
     </span>
     <span class='ocr_line' id='line_1_4' title="bbox 390 887 1282 1007; baseline 0 -31"><span class='ocrx_word' id='word_1_17' title='bbox 390 892 481 976; x_wconf 90' lang='lat' dir='ltr'><strong>Post</strong></span> <span class='ocrx_word' id='word_1_18' title='bbox 497 909 663 977; x_wconf 89' lang='lat' dir='ltr'><strong>mortem</strong></span> <span class='ocrx_word' id='word_1_19' title='bbox 679 887 863 987; x_wconf 78' lang='lat' dir='ltr'><strong>ducibus3</strong></span> <span class='ocrx_word' id='word_1_20' title='bbox 896 917 975 970; x_wconf 88' lang='lat' dir='ltr'><strong>non</strong></span> <span class='ocrx_word' id='word_1_21' title='bbox 992 891 1128 974; x_wconf 81' lang='lat' dir='ltr'>celeres</span> <span class='ocrx_word' id='word_1_22' title='bbox 1145 895 1282 1007; x_wconf 77' lang='lat' dir='ltr'><strong>fugae3</strong></span> 
     </span>
     <span class='ocr_line' id='line_1_5' title="bbox 390 1031 1241 1144; baseline 0.004 -27"><span class='ocrx_word' id='word_1_23' title='bbox 390 1037 638 1144; x_wconf 74' lang='lat' dir='ltr'><strong>Rejeaaeque</strong></span> <span class='ocrx_word' id='word_1_24' title='bbox 655 1031 855 1113; x_wconf 79' lang='lat' dir='ltr'><strong>retrorsum</strong></span> <span class='ocrx_word' id='word_1_25' title='bbox 874 1032 1075 1114; x_wconf 66' lang='lat' dir='ltr'><strong>Annibalis</strong></span> <span class='ocrx_word' id='word_1_26' title='bbox 1089 1037 1241 1138; x_wconf 84' lang='lat' dir='ltr'><strong>minae;</strong></span> 
     </span>
     <span class='ocr_line' id='line_1_6' title="bbox 389 1165 1094 1282; baseline -0.001 -28"><span class='ocrx_word' id='word_1_27' title='bbox 389 1174 485 1254; x_wconf 89' lang='lat' dir='ltr'><strong>Non</strong></span> <span class='ocrx_word' id='word_1_28' title='bbox 504 1171 675 1254; x_wconf 89' lang='lat' dir='ltr'><strong>incendia</strong></span> <span class='ocrx_word' id='word_1_29' title='bbox 694 1165 928 1282; x_wconf 86' lang='lat' dir='ltr'><strong>Carthaginis</strong></span> <span class='ocrx_word' id='word_1_30' title='bbox 938 1169 1094 1280; x_wconf 87' lang='lat' dir='ltr'><strong>impiae,</strong></span> 
     </span>
     <span class='ocr_line' id='line_1_7' title="bbox 328 1306 1104 1423; baseline -0.005 -26"><span class='ocrx_word' id='word_1_31' title='bbox 328 1411 332 1420; x_wconf 37' lang='lat'><strong><em>‚</em></strong></span> <span class='ocrx_word' id='word_1_32' title='bbox 388 1315 495 1423; x_wconf 78' lang='lat' dir='ltr'><strong>Ejus,</strong></span> <span class='ocrx_word' id='word_1_33' title='bbox 509 1313 576 1422; x_wconf 93' lang='lat' dir='ltr'><strong>qui</strong></span> <span class='ocrx_word' id='word_1_34' title='bbox 589 1310 732 1393; x_wconf 88' lang='lat' dir='ltr'><strong>domita</strong></span> <span class='ocrx_word' id='word_1_35' title='bbox 750 1335 889 1390; x_wconf 88' lang='lat' dir='ltr'><strong>nomen</strong></span> <span class='ocrx_word' id='word_1_36' title='bbox 909 1306 957 1392; x_wconf 91' lang='lat' dir='ltr'><strong>ab</strong></span> <span class='ocrx_word' id='word_1_37' title='bbox 973 1311 1104 1393; x_wconf 85' lang='lat' dir='ltr'><strong>Africa</strong></span> 
     </span>
     <span class='ocr_line' id='line_1_8' title="bbox 387 1450 1038 1568; baseline -0.006 -32"><span class='ocrx_word' id='word_1_38' title='bbox 387 1452 710 1568; x_wconf 80' lang='lat' dir='ltr'><strong>Lucratuurediit,</strong></span> <span class='ocrx_word' id='word_1_39' title='bbox 729 1451 862 1532; x_wconf 82' lang='lat' dir='ltr'><strong>clarius</strong></span> <span class='ocrx_word' id='word_1_40' title='bbox 873 1450 1038 1532; x_wconf 88' lang='lat' dir='ltr'><strong>indicant</strong></span> 
     </span>
     <span class='ocr_line' id='line_1_9' title="bbox 387 1585 1455 1705; baseline 0.002 -31"><span class='ocrx_word' id='word_1_41' title='bbox 387 1592 549 1693; x_wconf 86' lang='lat' dir='ltr'>Laudes,</span> <span class='ocrx_word' id='word_1_42' title='bbox 567 1620 686 1701; x_wconf 90' lang='lat' dir='ltr'><strong>quam</strong></span> <span class='ocrx_word' id='word_1_43' title='bbox 702 1590 881 1672; x_wconf 83' lang='lat' dir='ltr'><strong>Calabrae</strong></span> <span class='ocrx_word' id='word_1_44' title='bbox 899 1591 1085 1675; x_wconf 84' lang='lat' dir='ltr'><strong>Pierides:</strong></span> <span class='ocrx_word' id='word_1_45' title='bbox 1121 1621 1243 1705; x_wconf 86' lang='lat' dir='ltr'><strong>neque</strong></span> <span class='ocrx_word' id='word_1_46' title='bbox 1267 1601 1271 1606; x_wconf 87' lang='grc'><strong>’</strong></span> <span class='ocrx_word' id='word_1_47' title='bbox 1398 1585 1455 1684; x_wconf 63' lang='lat'><strong>20</strong></span> 
     </span>
     <span class='ocr_line' id='line_1_10' title="bbox 389 1724 1464 1843; baseline 0.002 -29"><span class='ocrx_word' id='word_1_48' title='bbox 389 1735 429 1814; x_wconf 84' lang='lat' dir='ltr'><strong>Si</strong></span> <span class='ocrx_word' id='word_1_49' title='bbox 447 1733 594 1815; x_wconf 86' lang='lat' dir='ltr'><strong>chartae</strong></span> <span class='ocrx_word' id='word_1_50' title='bbox 610 1733 737 1814; x_wconf 87' lang='lat' dir='ltr'><strong>fileant</strong></span> <span class='ocrx_word' id='word_1_51' title='bbox 755 1731 860 1843; x_wconf 90' lang='lat' dir='ltr'><strong>quod</strong></span> <span class='ocrx_word' id='word_1_52' title='bbox 876 1731 1136 1836; x_wconf 85' lang='lat' dir='ltr'><strong>benefeceris,</strong></span> <span class='ocrx_word' id='word_1_53' title='bbox 1352 1724 1356 1731; x_wconf 48' lang='lat'><strong>⁴</strong></span> <span class='ocrx_word' id='word_1_54' title='bbox 1459 1726 1464 1732; x_wconf 45' lang='lat'>⁵</span> 
     </span>
     <span class='ocr_line' id='line_1_11' title="bbox 387 1869 1113 1984; baseline -0.007 -23"><span class='ocrx_word' id='word_1_55' title='bbox 387 1873 612 1961; x_wconf 84' lang='lat' dir='ltr'><strong>Mercedem</strong></span> <span class='ocrx_word' id='word_1_56' title='bbox 624 1871 762 1957; x_wconf 67' lang='lat' dir='ltr'><strong>nileru.</strong></span> <span class='ocrx_word' id='word_1_57' title='bbox 793 1871 888 1984; x_wconf 93' lang='lat' dir='ltr'><strong>quid</strong></span> <span class='ocrx_word' id='word_1_58' title='bbox 904 1869 1002 1955; x_wconf 91' lang='lat' dir='ltr'><strong>foret</strong></span> <span class='ocrx_word' id='word_1_59' title='bbox 1020 1870 1113 1956; x_wconf 83' lang='lat' dir='ltr'><strong>Iliae</strong></span> 
     </span>
     <span class='ocr_line' id='line_1_12' title="bbox 387 2009 1218 2122; baseline -0.004 -28"><span class='ocrx_word' id='word_1_60' title='bbox 387 2010 644 2122; x_wconf 83' lang='lat' dir='ltr'><strong>Mavortisque</strong></span> <span class='ocrx_word' id='word_1_61' title='bbox 656 2039 761 2122; x_wconf 91' lang='lat' dir='ltr'><strong>puer,</strong></span> <span class='ocrx_word' id='word_1_62' title='bbox 780 2009 1048 2092; x_wconf 84' lang='lat' dir='ltr'><strong>fitaciturnitas</strong></span> <span class='ocrx_word' id='word_1_63' title='bbox 1214 2047 1218 2057; x_wconf 88' lang='lat'>·</span> 
     </span>
     <span class='ocr_line' id='line_1_13' title="bbox 387 2131 1169 2238; baseline 0.006 -6"><span class='ocrx_word' id='word_1_64' title='bbox 387 2149 563 2234; x_wconf 87' lang='lat' dir='ltr'><strong>Obstaret</strong></span> <span class='ocrx_word' id='word_1_65' title='bbox 579 2153 719 2234; x_wconf 84' lang='lat' dir='ltr'><strong>meritis</strong></span> <span class='ocrx_word' id='word_1_66' title='bbox 736 2131 862 2234; x_wconf 74' lang='lat' dir='ltr'><strong>in&#39;vida</strong></span> <span class='ocrx_word' id='word_1_67' title='bbox 879 2152 1039 2235; x_wconf 89' lang='lat' dir='ltr'><strong>Romuli</strong></span> <span class='ocrx_word' id='word_1_68' title='bbox 1052 2143 1079 2238; x_wconf 62' lang='grc' dir='ltr'><strong>ἶ</strong></span> <span class='ocrx_word' id='word_1_69' title='bbox 1098 2148 1106 2180; x_wconf 64' lang='lat'>²</span> <span class='ocrx_word' id='word_1_70' title='bbox 1165 2178 1169 2186; x_wconf 84' lang='lat'>&#39;</span> 
     </span>
     <span class='ocr_line' id='line_1_14' title="bbox 385 2283 1457 2414; baseline 0.003 -40"><span class='ocrx_word' id='word_1_71' title='bbox 385 2291 573 2402; x_wconf 85' lang='lat' dir='ltr'><strong>Ereptum</strong></span> <span class='ocrx_word' id='word_1_72' title='bbox 591 2291 725 2400; x_wconf 83' lang='lat' dir='ltr'><strong>Stygiis</strong></span> <span class='ocrx_word' id='word_1_73' title='bbox 742 2291 917 2371; x_wconf 75' lang='lat' dir='ltr'><strong>fluctibus</strong></span> <span class='ocrx_word' id='word_1_74' title='bbox 935 2295 1109 2375; x_wconf 87' lang='lat' dir='ltr'><strong>Aeacum</strong></span> <span class='ocrx_word' id='word_1_75' title='bbox 1157 2315 1163 2326; x_wconf 79' lang='grc'><em>“</em></span> <span class='ocrx_word' id='word_1_76' title='bbox 1233 2283 1238 2293; x_wconf 60' lang='grc'><em>’</em></span> <span class='ocrx_word' id='word_1_77' title='bbox 1400 2327 1457 2414; x_wconf 83' lang='lat'><strong>²5</strong></span> 
     </span>
     <span class='ocr_line' id='line_1_15' title="bbox 377 2428 1155 2542; baseline 0.004 -30"><span class='ocrx_word' id='word_1_78' title='bbox 377 2428 529 2532; x_wconf 73' lang='lat' dir='ltr'><strong>¹Virtus,</strong></span> <span class='ocrx_word' id='word_1_79' title='bbox 550 2451 589 2514; x_wconf 90' lang='lat' dir='ltr'><strong>et</strong></span> <span class='ocrx_word' id='word_1_80' title='bbox 604 2433 720 2533; x_wconf 87' lang='lat' dir='ltr'><strong>favor,</strong></span> <span class='ocrx_word' id='word_1_81' title='bbox 738 2449 776 2512; x_wconf 89' lang='lat' dir='ltr'><strong>et</strong></span> <span class='ocrx_word' id='word_1_82' title='bbox 795 2430 922 2540; x_wconf 86' lang='lat' dir='ltr'><strong>lingua</strong></span> <span class='ocrx_word' id='word_1_83' title='bbox 944 2432 1155 2542; x_wconf 76' lang='lat' dir='ltr'><strong>potentium</strong></span> 
     </span>
     <span class='ocr_line' id='line_1_16' title="bbox 388 2551 1439 2673; baseline 0.003 -19"><span class='ocrx_word' id='word_1_84' title='bbox 388 2572 536 2658; x_wconf 71' lang='lat' dir='ltr'><strong>vatum</strong></span> <span class='ocrx_word' id='word_1_85' title='bbox 551 2576 726 2659; x_wconf 71' lang='lat' dir='ltr'><strong>divitibus</strong></span> <span class='ocrx_word' id='word_1_86' title='bbox 743 2559 929 2658; x_wconf 70' lang='lat' dir='ltr'><strong>consecrat</strong></span> <span class='ocrx_word' id='word_1_87' title='bbox 946 2551 1105 2662; x_wconf 63' lang='lat' dir='ltr'><strong>asuri?</strong></span> <span class='ocrx_word' id='word_1_88' title='bbox 1176 2558 1196 2566; x_wconf 77' lang='grc'><strong>’“</strong></span> <span class='ocrx_word' id='word_1_89' title='bbox 1226 2559 1231 2566; x_wconf 82' lang='grc'>’</span> <span class='ocrx_word' id='word_1_90' title='bbox 1316 2565 1332 2581; x_wconf 72' lang='grc'><strong><em>“</em></strong></span> <span class='ocrx_word' id='word_1_91' title='bbox 1357 2650 1360 2661; x_wconf 86' lang='grc'>,</span> <span class='ocrx_word' id='word_1_92' title='bbox 1436 2616 1439 2673; x_wconf 86' lang='lat'>;</span> 
     </span>
     <span class='ocr_line' id='line_1_17' title="bbox 387 2694 1305 2828; baseline 0.003 -28"><span class='ocrx_word' id='word_1_93' title='bbox 387 2718 564 2828; x_wconf 87' lang='lat' dir='ltr'><strong>Dignum</strong></span> <span class='ocrx_word' id='word_1_94' title='bbox 577 2717 686 2800; x_wconf 86' lang='lat' dir='ltr'><strong>laude</strong></span> <span class='ocrx_word' id='word_1_95' title='bbox 701 2719 826 2800; x_wconf 89' lang='lat' dir='ltr'><strong>virum</strong></span> <span class='ocrx_word' id='word_1_96' title='bbox 838 2717 952 2798; x_wconf 86' lang='lat' dir='ltr'><strong>Musa</strong></span> <span class='ocrx_word' id='word_1_97' title='bbox 968 2694 1068 2798; x_wconf 80' lang='lat' dir='ltr'><strong>vetat</strong></span> <span class='ocrx_word' id='word_1_98' title='bbox 1081 2701 1203 2804; x_wconf 83' lang='lat' dir='ltr'><strong>mori:</strong></span> <span class='ocrx_word' id='word_1_99' title='bbox 1302 2751 1305 2758; x_wconf 92' lang='lat'>·</span> 
     </span>
     <span class='ocr_line' id='line_1_18' title="bbox 386 2855 1128 2966; baseline 0.003 -30"><span class='ocrx_word' id='word_1_100' title='bbox 386 2855 508 2937; x_wconf 86' lang='lat' dir='ltr'><strong>Coelo</strong></span> <span class='ocrx_word' id='word_1_101' title='bbox 529 2857 642 2936; x_wconf 82' lang='lat' dir='ltr'><strong>Musa</strong></span> <span class='ocrx_word' id='word_1_102' title='bbox 658 2859 754 2939; x_wconf 86' lang='lat' dir='ltr'><strong>beat.</strong></span> <span class='ocrx_word' id='word_1_103' title='bbox 785 2859 836 2937; x_wconf 85' lang='lat' dir='ltr'><strong>fic</strong></span> <span class='ocrx_word' id='word_1_104' title='bbox 855 2857 959 2964; x_wconf 83' lang='lat' dir='ltr'><strong>Jovis</strong></span> <span class='ocrx_word' id='word_1_105' title='bbox 979 2857 1128 2966; x_wconf 85' lang='lat' dir='ltr'><strong>interest</strong></span> 
     </span>
     <span class='ocr_line' id='line_1_19' title="bbox 385 2991 1234 3106; baseline 0.007 -33"><span class='ocrx_word' id='word_1_106' title='bbox 385 2991 534 3104; x_wconf 87' lang='lat' dir='ltr'><strong>Optatis</strong></span> <span class='ocrx_word' id='word_1_107' title='bbox 551 2993 671 3106; x_wconf 83' lang='lat' dir='ltr'><strong>epulis</strong></span> <span class='ocrx_word' id='word_1_108' title='bbox 694 2994 855 3104; x_wconf 86' lang='lat' dir='ltr'><strong>impiger</strong></span> <span class='ocrx_word' id='word_1_109' title='bbox 873 2994 1082 3079; x_wconf 83' lang='lat' dir='ltr'><strong>Hercules:</strong></span> <span class='ocrx_word' id='word_1_110' title='bbox 1103 3006 1106 3010; x_wconf 75' lang='grc'><em>’</em></span> <span class='ocrx_word' id='word_1_111' title='bbox 1230 3053 1234 3060; x_wconf 85' lang='lat'>-</span> 
     </span>
     <span class='ocr_line' id='line_1_20' title="bbox 384 3129 1136 3246; baseline 0.009 -30"><span class='ocrx_word' id='word_1_112' title='bbox 384 3129 544 3217; x_wconf 83' lang='lat' dir='ltr'><strong>Clarum</strong></span> <span class='ocrx_word' id='word_1_113' title='bbox 562 3136 800 3246; x_wconf 80' lang='lat' dir='ltr'><strong>Tyndaridae</strong></span> <span class='ocrx_word' id='word_1_114' title='bbox 816 3135 914 3218; x_wconf 85' lang='lat' dir='ltr'><strong>fidus</strong></span> <span class='ocrx_word' id='word_1_115' title='bbox 930 3134 980 3219; x_wconf 85' lang='lat' dir='ltr'><strong>ab</strong></span> <span class='ocrx_word' id='word_1_116' title='bbox 996 3138 1136 3223; x_wconf 82' lang='lat' dir='ltr'><strong>infimis</strong></span> 
     </span>
     <span class='ocr_line' id='line_1_21' title="bbox 385 3277 1088 3391; baseline 0.007 -30"><span class='ocrx_word' id='word_1_117' title='bbox 385 3277 541 3385; x_wconf 83' lang='lat' dir='ltr'><strong>Qaffas</strong></span> <span class='ocrx_word' id='word_1_118' title='bbox 559 3278 719 3391; x_wconf 88' lang='lat' dir='ltr'><strong>eripiunt</strong></span> <span class='ocrx_word' id='word_1_119' title='bbox 731 3279 951 3390; x_wconf 74' lang='lat' dir='ltr'><strong>aequoribut</strong></span> <span class='ocrx_word' id='word_1_120' title='bbox 970 3298 1088 3366; x_wconf 78' lang='lat' dir='ltr'><strong>rates:</strong></span> 
     </span>
     <span class='ocr_line' id='line_1_22' title="bbox 386 3419 1054 3532; baseline -0.003 -28"><span class='ocrx_word' id='word_1_121' title='bbox 386 3420 548 3504; x_wconf 84' lang='lat' dir='ltr'><strong>Ornatus</strong></span> <span class='ocrx_word' id='word_1_122' title='bbox 566 3419 673 3503; x_wconf 86' lang='lat' dir='ltr'><strong>viridi</strong></span> <span class='ocrx_word' id='word_1_123' title='bbox 686 3438 856 3532; x_wconf 89' lang='lat' dir='ltr'><strong>tempora</strong></span> <span class='ocrx_word' id='word_1_124' title='bbox 872 3422 1054 3532; x_wconf 88' lang='lat' dir='ltr'><strong>pampino</strong></span> 
     </span>
     <span class='ocr_line' id='line_1_23' title="bbox 384 3559 1083 3681; baseline 0.009 -37"><span class='ocrx_word' id='word_1_125' title='bbox 384 3559 501 3647; x_wconf 86' lang='lat' dir='ltr'><strong>Liber</strong></span> <span class='ocrx_word' id='word_1_126' title='bbox 516 3578 602 3648; x_wconf 83' lang='lat' dir='ltr'><strong>vota</strong></span> <span class='ocrx_word' id='word_1_127' title='bbox 623 3561 742 3681; x_wconf 80' lang='lat' dir='ltr'><strong>bouos</strong></span> <span class='ocrx_word' id='word_1_128' title='bbox 759 3560 865 3645; x_wconf 89' lang='lat' dir='ltr'><strong>ducit</strong></span> <span class='ocrx_word' id='word_1_129' title='bbox 888 3561 936 3642; x_wconf 85' lang='lat' dir='ltr'><strong>ad</strong></span> <span class='ocrx_word' id='word_1_130' title='bbox 953 3561 1083 3650; x_wconf 68' lang='lat' dir='ltr'><strong>exitur</strong></span> 
     </span>
    </p>
   </div>
   <div class='ocr_carea' id='block_1_3' title="bbox 0 0 1650 5267">
    <p class='ocr_par' dir='ltr' id='par_1_3' title="bbox 0 0 1650 5267">
     <span class='ocr_line' id='line_1_24' title="bbox 0 0 1650 5267; baseline 0 2"><span class='ocrx_word' id='word_1_131' title='bbox 0 0 1650 5267; x_wconf 95' lang='lat' dir='ltr'><strong> </strong></span> 
     </span>
    </p>
   </div>
  </div>
 </body>
</html>
