3292 5267
672 318 823 475 [v]
980 471 983 478 ,

240 726 1223 897 Lectomoorcovm,

200 1242 203 1250 Α
359 1114 477 1217 EN
482 1112 654 1221 TEM
679 1104 871 1253 nostram
903 1142 947 1223 tt
979 1120 1191 1257 confilium
1221 1118 1271 1221 in

267 1398 273 1403 q
378 1273 460 1373 hac
495 1272 695 1377 Editione
714 1262 991 1412 suscipienda
1010 1278 1164 1410 paucis
1196 1305 1271 1371 ac·

192 1426 295 1562 cipe.
366 1424 553 1564 Pigebat
594 1429 728 1527 indict
765 1429 914 1531 videre
951 1422 1132 1527 melioris
1168 1428 1273 1525 aevi
1393 1499 1396 1510 -

177 1576 418 1720 scriptores
456 1585 567 1721 typis¹
591 1577 716 1725 ⁴eaesis
749 1612 792 1685 et
824 1594 1010 1709 attritis,
1027 1582 1270 1721 chartaque

68 1828 70 1831 ,
193 1748 446 1873 emporetica
474 1741 673 1877 excusam
718 1743 826 1879 quin
859 1767 902 1839 et
930 1737 1148 1842 erroribus·
1177 1774 1268 1839 om-

193 1904 370 2031 nigenis,
395 1937 496 2033 quos
518 1926 602 1999 aut
632 1898 791 1999 indoiti
808 1898 1031 2020 Librarii,
1059 1922 1142 1997 aut
1163 1898 1273 1997 Cri-

192 2059 271 2151 tici
284 2050 513 2190 semidotii
542 2064 818 2177 invexerant,
850 2052 1085 2193 socdifflme
1122 2059 1268 2187 inqui·

193 2236 349 2309 notos:
403 2208 643 2346 Scriptores
686 2223 801 2313 omni
840 2250 896 2313 en
932 2232 1068 2347 parte
1098 2208 1264 2345 digms,

189 2366 343 2506 quibus
365 2395 407 2465 et
433 2367 611 2469 nitidior
644 2370 800 2491 cultus,
833 2394 876 2467 ct
899 2394 1081 2469 ornatus
1112 2374 1265 2503 exqui-

178 2524 325 2659 fitior,
359 2536 415 2623 et'
429 2534 677 2625 accuratior
712 2526 939 2663 diligentia
968 2523 1262 2622 adhiberetur.

6 2750 7 2755 κ
164 2775 167 2781 ,
194 2678 357 2815 Itaque
389 2708 431 2778 et
464 2678 609 2813 nostra
642 2680 846 2815 intereffe,
882 2707 925 2776 et
946 2687 1014 2779 rei
1041 2678 1269 2779 literariae

6 2858 41 2900 '·
193 2833 293 2969 uſsci
323 2836 430 2973 sore
463 2848 629 2973 opinati
644 2836 819 2975 fiemus,
842 2835 1059 2975 specimen
1094 2834 1274 2971 aliquod

10 3014 13 3023 ’
193 2992 407 3093 Editionis
428 2994 643 3133 legitimae
666 2997 874 3117 exhibere,
900 2993 1076 3133 quaese
1106 3020 1148 3099 et
1171 3020 1270 3092 teoc-

67 3134 72 3141 ⁸
193 3170 265 3251 t'nt
291 3162 507 3287 puritate,
541 3182 584 3251 et
608 3166 742 3289 operis
765 3151 1076 3289 fipograpln’ci
1096 3154 1269 3287 elegan-

196 3318 277 3437 tia,
315 3336 358 3407 et
395 3321 655 3409 ornamentis
704 3319 837 3406 etiam
881 3348 963 3407 non
987 3312 1271 3442 'vulgaribus

195 3466 518 3567 commendaret.
572 3469 759 3567 Etcum
793 3464 875 3592 bac
906 3492 1046 3567 mento
1069 3464 1276 3600 astemus,

196 3640 364 3759 ecquem
380 3632 523 3759 potius
549 3627 690 3725 docuit
714 3622 987 3757 praecedere,
1011 3663 1146 3761 quam
1168 3624 1271 3721 Ho-

196 3790 380 3902 ratium,
403 3783 667 3914 Lyricorum
695 3788 986 3916 principem?
1035 3781 1180 3922 Qtem
1206 3790 1275 3880 ita

197 3949 350 4073 optione
393 3940 683 4078 reformatum
733 3949 795 4041 iri
833 3935 1185 4071 existimavimus,
1229 3940 1277 4075 st

196 4093 418 4195 doliorum
451 4102 699 4235 conjeiiuris
735 4096 925 4201 omnibus
957 4098 1027 4204 od
1038 4100 1194 4203 calcem
1216 4098 1274 4194 li-

745 4287 776 4353 a
1180 4251 1282 4358 belli
