3292 5267
378 385 704 536 cremnon
740 437 924 534 [ιω
955 379 1067 540 ΙΙΙ.1ῗο
1203 447 1286 572 ⁸9³
1330 572 1342 592 Ι

193 644 275 730 Hic
291 643 370 727 dies
389 673 474 726 vere
491 641 589 724 mihi
606 638 720 724 festus
738 658 833 724 atras

193 788 350 874 Eximet
366 813 491 869 curas:
522 803 594 896 'ego
611 813 681 866 nec
705 784 929 889 tumultum,

192 927 281 1014 Nec
299 926 397 1010 mori
410 954 476 1037 per
489 925 569 1007 vim
588 943 772 1025 metuam,
789 943 938 1010 tenente

265 1122 268 1127 -
310 1066 462 1148 Caesare
480 1083 620 1152 terrae·
983 1045 986 1051 ’

192 1211 215 1292 Ῑ
231 1223 316 1318 pete
334 1224 586 1316 unguentum,
607 1234 714 1317 puer,
740 1224 778 1288 et
797 1234 966 1309 coronas,

193 1351 245 1432 Et
263 1349 402 1431 cadum
415 1350 533 1431 Marti
551 1375 763 1436 memorem
782 1349 923 1448 duelli;

192 1492 411 1602 Spartacum
430 1488 458 1569 fi
475 1517 550 1598 qua
568 1469 691 1598 potuit
706 1508 906 1596 vagantem

312 1628 458 1712 Fallere
471 1627 574 1711 testa.
1015 1609 1016 1612 Ὺ
1213 1662 1274 1722 20·

191 1771 271 1854 nic
296 1787 335 1852 et
350 1790 499 1880 argutae
513 1785 685 1881 properet
702 1770 872 1852 Neaerae
906 1747 910 1754 ¹

192 1909 426 2021 Myrrheum
453 1910 556 1992 nodo
572 1909 748 1993 cohibere
767 1912 936 1995 crinemr

192 2053 231 2135 Si
247 2081 315 2163 per
339 2049 500 2133 invisum
517 2079 625 2134 mora
638 2039 841 2159 janitorem

310 2194 407 2292 Fiet,
433 2193 546 2277 abito.

189 2335 303 2425 Lenit
320 2333 505 2416 albescens
524 2334 671 2416 animos
689 2331 847 2446 capillus
1054 2331 1057 2338 ’
1109 2321 1112 2328 ’
1211 2366 1235 2425 2
1242 2369 1269 2454 ς

189 2475 337 2560 Litium
353 2492 391 2554 et
409 2473 510 2556 rixae
527 2473 683 2583 cupidos
701 2492 905 2584 protervae.

188 2617 234 2710 N
233 2646 285 2700 on
300 2645 372 2727 ego
386 2614 462 2697 hoc
480 2615 620 2697 ferrem
633 2614 776 2696 calidus
787 2616 953 2723 juventa,

306 2754 469 2838 Consule
482 2754 639 2846 Planco,
862 2757 865 2761 ’
953 2755 956 2760 ’

558 3017 733 3099 ODE
794 3020 885 3103 XV.

480 3161 564 3254 lu
620 3159 987 3255 Cnuonrm·
1118 3215 1124 3226 =

303 3435 439 3518 XOR
470 3431 642 3545 pauperis
659 3433 795 3543 Ibyci„

364 3575 542 3658 Tandem
569 3575 757 3686 nequitiae
771 3572 848 3684 fige
866 3578 1028 3663 modum
1044 3585 1147 3690 tuae,'

185 3715 424 3826 Famofisque
444 3715 632 3799 laboribus
643 3746 669 3798 :-

245 3857 402 3939 Maturo
419 3858 570 3969 propior
586 3853 711 3938 detine
726 3852 850 3936 firneri

186 3995 287 4092 Inter
300 3996 427 4079 ludere
443 3998 615 4108 virginet,
1234 4031 1262 4120 3

228 4137 298 4278 'lit
312 4136 424 4226 stellis
441 4135 620 4236 nebulam
634 4135 801 4252 spargere
817 4089 997 4230 candidia

1150 4419 1264 4533 Noa
