3292 5267
350 409 685 517 Caaurn'uu
721 419 907 512 erua
938 403 1025 516 111.
1071 507 1077 520 .

25 729 33 736 q,
180 627 255 712 Dic
271 626 419 724 modos,
438 619 546 732 Lyde
562 621 699 733 quibus
715 620 915 704 obstinatas
1039 633 1043 638 ’

295 765 475 880 Applicet
487 791 618 847 aures:

177 913 301 1013 Quae,
320 909 421 990 velut
434 906 515 990 latis
531 935 628 1016 equa
645 905 758 986 tn‘ma
774 904 935 1015 eampis,
1016 951 1021 958 ·

184 1049 300 1130 Ludit
319 1048 504 1148 exsultim,
524 1049 734 1155 metuitque
753 1047 871 1154 tangi,

179 1189 412 1300 Nuptiarum
427 1216 572 1298 expete,
594 1207 632 1271 et
649 1185 774 1268 adhuc
792 1203 969 1300 protervo

247 1319 251 1326 ⁵
296 1332 423 1412 Cruda
433 1333 579 1414 marito

181 1472 249 1552 Tu
265 1489 370 1581 potes
387 1472 498 1578 tigres
514 1470 742 1578 comitesque
761 1469 868 1550 filvaa

182 1613 349 1709 Ducere,
368 1629 406 1691 et
422 1611 519 1692 rivos
538 1610 674 1710 celeres
694 1611 854 1694 morari:

182 1751 297 1832 Ceffit
313 1751 489 1831 immanis
507 1751 576 1832 tibi
594 1751 799 1834 blandienti
857 1765 865 1774 “

303 1894 448 2000 Janitor
465 1893 570 1976 aulae

182 2035 365 2115 Cerberus
378 2049 399 2134 3'
411 2037 583 2144 quamvis'
603 2035 736 2117 furiale
753 2053 910 2114 centum
1053 2037 1060 2046 ’

20 2271 21 2276 Ν
180 2176 362 2256 Muniant
377 2205 514 2287 angues
532 2199 645 2290 caput
661 2181 753 2286 ejus,
771 2195 887 2285 atque

131 2355 133 2360 v
182 2317 340 2426 Spiritus
358 2335 464 2417 teter,
482 2301 671 2432 saniesque
686 2307 816 2399 manet

301 2459 581 2567 oseeitingun
850 2577 855 2583 ⁸

182 2595 291 2702 Qin
307 2612 346 2674 et
365 2597 489 2695 Ixion,
510 2598 717 2706 Tityosque
737 2595 847 2674 vultu
966 2631 972 2639 ·

1174 399 1245 545 '⁸3

87 2843 93 2857 Ι
185 2715 281 2818 Risit
300 2737 445 2834 invit03
479 2736 576 2818 stetit
596 2764 688 2817 urna
705 2733 864 2845 paulum
1028 2815 1034 2820 .

186 2879 305 2978 Sicca,
332 2879 428 2960 dum
450 2898 553 2990 grato
572 2879 693 2964 Danai
710 2873 851 2988 puellas

302 3019 480 3098 Carmine
493 3020 650 3103 mulces.
711 3023 715 3032 “

187 3160 327 3240 Audiat
344 3160 451 3265 Lyde
470 3159 586 3240 scelus
598 3178 712 3265 atque
732 3171 839 3232 notas
993 3151 997 3157 ’
1089 3160 1094 3168 ’

152 3289 155 3297 ’
184 3297 389 3404 Virginum
405 3323 556 3406 poenas,
574 3315 612 3378 et
632 3297 741 3376 inane
758 3284 942 3398 lymphae

186 3433 348 3519 Dulium
362 3431 482 3512 fundo
498 3433 683 3545 pereuntis
705 3430 799 3530 imo,
956 3421 966 3434 ’

305 3574 465 3684 Seraque
481 3573 570 3678 sata,

46 3707 65 3740 ‘⁶
185 3716 297 3823 Qae
315 3705 470 3801 manem
485 3717 612 3830 culpas
628 3714 742 3800 etiam
760 3709 827 3792 sub
842 3709 960 3790 Orco.

187 3855 346 3965 impiae,
369 3861 478 3967 (nam
496 3861 587 3970 quid
604 3874 758 3974 potuere
775 3849 895 3960 majus
911 3844 948 3951 l)

187 3995 333 4110 Impiae
348 3994 496 4126 sponsos
515 4018 667 4110 potuere
689 3996 786 4077 duro

306 4137 467 4227 Perdere
484 4139 595 4225 serto.

681 4412 779 4530 Ga
