3292 5267
372 356 441 488 36
562 353 1317 495 'Quoarrnumecrtoe
1419 461 1423 466 ,

371 559 524 670 Sappho
542 563 676 673 puellis
696 568 744 650 de
760 572 1029 684 popularibus;

368 699 424 808 Et
439 718 476 784 te
493 703 685 787 sonantem
701 709 846 818 plenius
860 743 986 822 aureo,
1090 742 1096 779 ι

430 839 583 944 Alcaee,
604 845 747 957 plectro
765 849 856 933 dura
872 859 988 959 navis,

487 983 594 1064 Dura
608 985 719 1094 fugae
730 987 843 1092 mala,
864 997 957 1079 dura
973 998 1079 1086 belli

369 1109 584 1232 Utrumque
602 1127 702 1208 sacro
723 1131 836 1240 digna
852 1135 997 1220 filentio
1092 1217 1095 1224 .

367 1260 555 1344 Mirantur
572 1269 727 1350 umbrae
743 1271 885 1357 dicere:
916 1278 978 1359 sed
996 1283 1115 1392 magis
1288 1320 1295 1337 ‘
1378 1325 1433 1407 3⁰

428 1385 577 1495 Pugnas
595 1409 633 1469 et
650 1396 798 1506 euraclus
816 1415 990 1504 tyrannos

388 1528 657 1612 Densum
675 1501 841 1617 ilumeris
856 1541 1048 1628 bibitaure
1061 1549 1207 1660 vulgus.

364 1667 471 1775 Qid
488 1670 653 1754 mirum.
647 1676 660 1736 Ρ
691 1674 757 1752 ubi
774 1676 846 1756 illis
859 1686 1086 1771 carminibus
1103 1692 1254 1804 stupens

364 1808 542 1890 Demittit
560 1827 653 1894 atras
670 1811 792 1894 bellua
812 1824 999 1934 centiceps

422 1953 560 2050 Aures,
575 1972 612 2034 et
629 1953 754 2036 intorti
772 1961 915 2072 capillis
1088 2057 1092 2064 ,
1373 2011 1396 2095 3
1406 2011 1428 2096 5

482 2092 746 2176 Eumenidum
764 2123 973 2188 recreantur
986 2118 1150 2221 angues?

361 2227 467 2337 Qin
484 2249 523 2312 et
535 2235 793 2338 Prometheus,
811 2261 849 2323 et
867 2247 1014 2359 Pelopis
1032 2282 1164 2362 parens

360 2372 478 2453 Dulci
496 2374 669 2457 laborum
685 2379 867 2491 decipitur
883 2388 999 2476 sono:

358 2503 364 2520 ⁶
420 2517 508 2600 Nec
529 2538 633 2600 curat
642 2522 773 2606 ,Orion
787 2525 914 2612 leones

476 2661 558 2742 Aut
577 2663 730 2746 timidos
747 2669 884 2777 agitare
902 2674 1041 2784 lyncas.
1288 2701 1294 2707 '
1367 2700 1443 2796 40³

633 2887 669 2938 ⁷
713 2943 890 3036 pona
951 2950 1063 3036 xrv,

612 3073 707 3181 Aa
771 3087 1244 3190 Posruunu.¹
1309 3138 1313 3146 ·

354 3342 619 3565 ΕΗ,
518 3345 552 3430 E
567 3350 619 3452 U,
651 3357 814 3471 fugaces,
837 3365 1028 3469 Postume,
1050 3373 1240 3494 Postume,

491 3489 689 3577 Labuntur
706 3505 817 3585 anni.
850 3533 921 3588 nec
939 3511 1055 3617 pietas
1070 3541 1222 3602 moram

373 3625 536 3738 Rugis
554 3650 591 3712 et
608 3635 754 3722 instanti
773 3643 937 3726 senectae

478 3769 625 3856 Afferet
625 3777 936 3896 ,indomitaeque
956 3792 1094 3878 morti.

241 3957 245 3967 .
349 3899 457 4007 Non,
480 3908 676 4002 fitrecenis
676 3943 897 4037 ‚quotquot
913 3950 1004 4012 eunt
1019 3933 1115 4041 dies,
1338 3971 1341 3980 ’
1391 3979 1436 4063 ς-

349 4039 502 4150 Amice,
531 4048 655 4173 places
684 4057 993 4187 illacrymabilem
1124 4144 1127 4150 .
