3292 5267
402 438 474 570 48
651 435 1008 569 QHonmu
1032 437 1253 537 ⁴aneex
1353 526 1355 531 .

403 641 552 751 Jupiter
574 637 742 740 brumas,
758 656 797 721 et
813 638 959 721 armeus
977 639 1108 723 Aulon
1145 666 1148 676 ’

400 781 537 867 Fertili
550 778 702 863 Baccho
717 780 926 861 minimum
945 776 1111 863 Falernis

521 920 668 1002 Invidet
684 920 779 1006 uvis.

399 1063 471 1145 Ille
486 1080 524 1143 te
540 1087 698 1143 meeum
714 1060 843 1161 loeus,
862 1079 901 1145 et
918 1059 1048 1143 beatae
1136 1028 1140 1039 .

257 1228 260 1235 ·
399 1201 593 1285 Postulnnt
606 1229 731 1285 arces:
761 1201 814 1283 ibi
832 1219 876 1285 tu
896 1202 1083 1285 calentem

401 1344 543 1431 Debita
565 1343 710 1456 sparges
734 1342 901 1455 lacryma
921 1342 1089 1431 favillam

519 1488 629 1598 Vatis
644 1485 772 1572 amici.

774 1767 812 1846 O
843 1765 951 1845 DE
1012 1764 1106 1847 VII.

539 1911 638 2005 An
680 1907 1039 2002 Ponnnwn
1083 1906 1336 2005 Vinum

547 2189 667 2298 Saepe
685 2212 841 2271 mecum
859 2194 1008 2293 tempus
1025 2185 1065 2266 in
1081 2184 1263 2285 ultimum

547 2330 738 2432 Dedune,
754 2326 872 2409 Bruto
889 2325 1171 2427 militiae'duce,

470 2472 569 2583 Qis
584 2491 623 2554 te
644 2470 838 2553 redonavit
856 2467 1053 2577 Qititem·

521 2615 596 2699 Dis
613 2612 753 2725 patriis,
767 2611 938 2722 Italoque
944 2608 1072 2713 'coelo,

401 2755 576 2866 Pompei,
595 2779 771 2833 meorum
788 2752 912 2861 prime
930 2748 1137 2830 sodalium?
1450 2768 1475 2853 ς

401 2900 506 2980 Cum
520 2921 600 3005 quo
619 2908 830 2983 morantem
848 2890 954 2997 saepe
973 2889 1077 2970 diem
1090 2911 1197 2967 meto

461 3034 587 3143 Fregi‚
605 3047 801 3113 coronatus
817 3028 975 3109 nitentes

519 3170 765 3258 Mnlobatlno
785 3168 899 3282 Syrio
909 3163 1075 3281 capillos.

401 3324 556 3404 Tecum
572 3313 766 3426 Philippos
778 3330 817 3394 et
834 3310 997 3394 celerem
1010 3308 1145 3419 fugam

403 3458 518 3558 Senfi,
538 3454 666 3537 rolina
680 3480 758 3533 non
770 3453 867 3532 bene
880 3446 1080 3558 parmuln;
1421 3464 1472 3522 ιο
1565 3499 1568 3504 .

462 3600 569 3679 Cum
585 3593 701 3673 fraite
716 3590 843 3683 virtus,
862 3602 900 3667 et
913 3585 1078 3665 minaces
1126 3590 1129 3598 ’

519 3735 654 3842 Turpe
673 3727 796 3809 solum
811 3723 966 3835 tetigere
984 3728 1129 3805 mento.
1157 3756 1160 3761 ·

402 3873 477 3956 Sed
490 3901 554 3955 me
568 3899 634 3982 per
648 3866 772 3950 hostes
786 3858 1108 3948 Mercurinsceler
1150 3852 1151 3855 ‘

403 4016 532 4101 Denso
549 4030 748 4127 paventem
760 4006 903 4091 sustulit
917 4006 1018 4087 aere:
1133 4069 1142 4075 .
1212 4004 1216 4013 “
1638 4114 1639 4121 Ν

465 4158 528 4237 Te
546 4154 668 4235 rursus
686 4148 886 4232 inbellum
899 4144 1088 4226 resorbens
1426 4156 1473 4243 15
1638 4122 1639 4217 i

482 4270 486 4276 ⁴
525 4296 637 4380 Unda
653 4294 755 4381 fretis
771 4289 857 4376 tulit
870 4284 1053 4371 aestonsn.
1076 4316 1080 4325 ·
1453 4287 1456 4292 ·

715 4486 720 4492 ·
1373 4411 1477 4523 Ergo
1638 4448 1639 4455 Ν
