3292 5267
356 357 454 486 136
597 354 955 490 QHouaau
988 355 1246 460 Fauces·
1322 301 1329 308 .

350 539 492 644 Conies
508 557 655 642 minore
669 557 753 640 sum
771 557 918 642 futurus
935 558 977 642 in
997 578 1118 664 metu,

411 699 492 802 Qui
508 699 628 807 major
639 697 804 780 absentes
821 697 959 780 habet:

349 837 409 932 Ut
427 827 582 922 affidens
599 825 851 948 implumibus
866 839 981 950 pullis
996 841 1074 924 avis

415 979 651 1092 Serpentium
668 980 826 1090 allapsus
841 981 953 1062 timet

350 1119 478 1230 Magis
493 1119 654 1218 relisiis3
679 1147 770 1219 non,
788 1139 831 1202 ut
850 1121 956 1222 adlit,
975 1120 1094 1202 auxili
1197 1145 1206 1243 J

411 1263 550 1344 Latura
563 1241 652 1372 'plus
676 1260 936 1370 praesentibus.

349 1401 528 1485 Libenter
541 1399 618 1482 hoc
637 1419 676 1482 et
689 1429 804 1482 omne
820 1398 1042 1482 militabitur
1083 1436 1087 1444 ·
1168 1437 1171 1446 ·

414 1541 566 1624 Bellum
584 1541 624 1622 in
640 1560 725 1624 tuae
744 1541 850 1652 spem
868 1542 1027 1650 gratiae:

351 1679 447 1766 Non
464 1700 506 1764 ut
517 1680 686 1791 juvencis
701 1681 841 1790 illigata
855 1679 1025 1790 pluribus

413 1826 548 1904 Aratra
567 1817 731 1906 nitantur
750 1825 871 1920 meis3
985 1897 991 1908 .

353 1963 515 2049 Pecusve
534 1964 701 2046 Calabris
719 1981 805 2048 ante
825 1965 924 2046 fidus
941 1961 1130 2048 fervidum

365 2116 369 2125 '
415 2105 570 2188 Lucana
589 2122 712 2186 mutet
729 2103 898 2214 pascuis:
1038 2100 1043 2110 ’

237 2219 239 2227 ¹
352 2235 441 2327 Nec
460 2262 503 2322 ut
523 2241 671 2353 superni
684 2242 772 2324 villa
785 2243 949 2326 candens
969 2242 1128 2344 Tusculi

276 2433 280 2442 ·
418 2381 572 2463 Circaea
588 2395 713 2490 tangat
731 2379 893 2484 muenia.
1059 2443 1085 2452 „
1240 2445 1244 2450 .
1373 2412 1429 2497 30

357 2522 450 2607 satis
467 2522 649 2634 superque
666 2547 730 2602 me
747 2520 955 2630 benignitas
974 2539 1039 2604 tua
1269 2498 1282 2509 ..

418 2662 586 2745 Ditavit:
618 2658 722 2742 haud
743 2666 932 2770 parauero,
1172 2757 1179 2762 a

355 2791 474 2922 Quod
492 2819 570 2901 aut,
588 2825 717 2883 avarus
734 2817 778 2882 ut
794 2799 993 2898 Chremes,
1015 2809 1111 2883 terra
1126 2829 1328 2913 premam
1374 2884 1380 2894 ,

305 3017 308 3026 ,
417 2935 631 3019 Discinstus
648 2952 712 3013 aut
726 2935 884 3044 perdam
902 2951 946 3014 ut
959 2963 1086 3048 nepos.

758 3207 934 3297 oua
995 3215 1050 3300 11.
1183 3312 1189 3321 ,

450 3351 1344 3458 V1utuRuau1cauLauuus.

462 3629 663 3716 EATUS
694 3625 769 3727 ille,
790 3633 858 3741 qui
872 3634 1005 3744 procul
1024 3639 1195 3748 negotiis,
1313 3691 1317 3713 ;

551 3770 609 3848 Ut
625 3761 743 3875 prisca
759 3794 851 3876 gens
867 3769 1112 3877 mortalium,.
1180 3817 1183 3830 ·

361 3905 749 3997 Paternamrabobus
766 3929 915 3993 exercet
931 3913 1017 4015 suis,
1205 3906 1212 3915 ’

428 4045 577 4131 Solutus
590 4042 697 4130 omui
713 4041 865 4162 sen0r03
909 4055 920 4153 ᾗ
970 4150 1009 4160 Γ

390 4177 408 4230 a
