3292 5267
343 385 1007 536 C'snumunLr‘rrer.
1133 407 1230 509 129
1363 418 1365 423 ·

146 569 273 710 (Non
290 597 395 678 eninr
416 592 570 706 posthac
587 591 659 674 alia
677 588 808 671 calebo
949 655 954 661 ,

144 735 335 844 Femina)
356 733 529 819 condisce
543 731 691 830 modos,
709 730 871 812 amanda

148 878 266 964 Voce
284 905 379 991 quos
395 874 523 959 reddas
542 904 551 954 :
574 871 793 953 minuentur
809 889 909 955 auae
1161 891 1228 981 *35

279 1017 457 1102 Carmine
477 1036 601 1096 curae.
681 1005 683 1013 ’
769 1033 771 1036 ·
848 1011 853 1017 ’

533 1285 710 1371 ODE
771 1284 865 1370 XII.

366 1431 988 1530 Auvrnornrun.

111 1776 113 1782 .
223 1707 328 1791 AM
363 1710 460 1792 veris
495 1707 665 1810 comites,
684 1735 781 1818 quae
801 1733 905 1788 mare
921 1721 1144 1818 temperant,

255 1848 462 1958 Impellunt
478 1849 625 1930 animae
643 1849 756 1930 lintea
782 1844 999 1930 Thraciaes

154 1990 253 2097 Jam
268 2016 338 2073 nec
351 2008 455 2102 prata
472 1991 605 2100 rigent,
624 2017 694 2072 nec
712 1981 819 2072 fluvii
836 1987 1005 2102 strepunt

257 2111 449 2248 'Hiberna
469 2131 553 2216 nive
571 2129 736 2240 turgidi:
884 2141 887 2149 ’

152 2268 312 2352 Nidum
325 2271 445 2382 ponit,
462 2271 549 2385 Ityn
563 2269 735 2376 flebiliter
755 2295 922 2380 gemens,
1078 2280 1080 2289 “
1203 2267 1235 2384 5

154 2409 299 2494 Infelix
325 2413 414 2516 avis,
435 2430 474 2493 et
490 2413 693 2521 Cecropiae
712 2411 849 2492 domus
1091 2427 1106 2450 ⁴
1354 2398 1360 2408 ’

156 2550 374 2630 Aeternum
394 2551 667 2660 opprobrium3
701 2550 805 2657 quod
829 2548 928 2630 male
944 2546 1115 2632 barbaras

282 2689 437 2800 Regum
453 2689 508 2770 est
523 2689 600 2772 ulta
613 2688 802 2774 libidiness
873 2760 878 2770 ,
972 2693 975 2700 ’

159 2828 308 2914 Dicunt
324 2830 365 2912 in
378 2848 505 2914 tenero
524 2821 693 2944 gramine
706 2833 909 2944 pinguium

159 2965 344 3050 Custodes
363 2970 493 3052 ovium
510 2966 678 3081 carmina
698 2969 842 3069 fistula;
1027 2977 1068 3048 ss
1179 2989 1230 3050 10
1301 3033 1306 3038 .

100 3117 108 3130 '
158 3105 435 3219 Delestantque
455 3113 602 3210 Deum,
618 3111 681 3190 cui
696 3137 811 3218 pecus
828 3125 867 3188 et
882 3107 979 3213 nigri
1222 3108 1228 3114 ’

283 3245 410 3328 Colles
423 3248 605 3329 Arcadiae
625 3224 784 3359 placent.
803 3263 804 3266 ‘
1138 3243 1152 3262 ‘⁸

162 3387 367 3470 Adduxere
385 3388 484 3470 litim
503 3408 685 3500 tempora,
704 3371 863 3498 Virgili:

163 3527 237 3608 Sed
250 3527 414 3639 prelium
431 3529 583 3612 Calibus
596 3531 732 3622 ducere
745 3530 930 3610 Liberum

165 3665 205 3746 Si
218 3665 339 3775 gestis,
354 3669 539 3778 juvenum
553 3672 740 3752 nobilium
755 3669 885 3767 cliens,
1180 3685 1234 3775 15
1255 3764 1258 3775 .

285 3809 418 3891 Nardo
436 3810 521 3892 vina
538 3811 751 3893 merebere:

165 3948 288 4031 Nardi
302 3977 434 4060 parvus
451 3981 553 4062 onyx
571 3954 693 4036 eliciet
709 3929 862 4047 cadum,

166 4089 247 4211 Qui
265 4118 367 4174 nunc
386 4091 557 4204 Sulpiciis
576 4095 740 4186 accubat
750 4087 903 4200 horreis,
1005 4173 1009 4181 ,

640 4373 774 4486 K*
