3292 5267
391 475 459 578 70
595 442 974 574 ,QHorerrr
1006 441 1227 536 Fercer

390 645 480 731 Hac
497 667 575 730 arte
593 645 743 745 Pollux,
760 665 800 732 et
809 659 926 754 rigor
938 643 1128 726 Herculeo

391 790 561 890 Innixus,
582 815 682 869 arces
695 787 816 896 attigit
834 785 985 894 igneos:

453 932 563 1038 Qos
581 929 676 1008 inter
694 925 888 1036 Augusto·
901 925 1128 1010 recumbens

512 1071 708 1180 Purpureo
726 1066 824 1147 bibit
840 1093 907 1150 ore
919 1067 1057 1152 nodat.

389 1210 477 1295 Hac
491 1228 528 1290 te
545 1226 768 1307 merentem,
783 1205 932 1292 Bacche
951 1225 1069 1318 peter,
1089 1224 1179 1290 tuae

388 1349 540 1457 ¹Verere
552 1350 676 1458 tigres,
694 1348 849 1434 indocili
859 1350 1001 1458 jugero
1160 1407 1165 1418 .

455 1491 568 1573 Collo
586 1488 796 1572 trahentes:
828 1487 906 1594 hac,
918 1490 1101 1596 Qirinue

517 1631 655 1713 Martis
672 1631 777 1738 equie
789 1620 1007 1714 Acheronta
1023 1628 1142 1738 fugin

393 1776 558 1858 Gratum
574 1771 719 1852 elocuta
737 1768 1014 1852 consdiantibue

392 1914 543 2021 Junone
562 1909 690 1994 Divis:
722 1907 832 2010 Ilion,
850 1907 949 1992 Ilion
1115 2015 1119 2021 .

452 2048 589 2132 Fatalis
608 2049 840 2158 incestusque
851 2047 984 2158 judex,
1082 2102 1084 2106 ,

510 2187 562 2268 Et
581 2187 717 2272 mulier
737 2188 1051 2298 peregrinavertit
1100 2213 1111 2264 ⁴.

296 2377 301 2387 ·
393 2327 440 2410 In
457 2325 663 2438 pulverem,
679 2354 728 2410 ex
746 2345 823 2437 quo
840 2327 1005 2412 destituit
1022 2328 1127 2410 Deor

393 2470 575 2552 Mercede
601 2473 713 2582 pasto
725 2471 963 2569 Laomedon,
980 2465 1090 2552 mihi

458 2609 663 2723 Castaeque
681 2613 904 2700 damnatum
921 2613 1132 2707 Minervae,

515 2750 620 2830 Cum
633 2752 775 2861 populo
792 2771 831 2834 et
841 2748 1207 2842 ducefraodulento.

397 2893 486 2999 Jam
503 2917 573 2968 nec
584 2893 777 2973 Lacaenae
795 2892 960 3000 splendet
977 2891 1166 2971 adulterae

362 3073 371 3086 ·
396 3029 576 3114 Famosus
595 3029 748 3143 hospes;
779 3053 850 3116 nec
868 3033 1009 3115 Priami
1032 3033 1168 3114 domus

460 3171 609 3280 Perjura
631 3200 817 3284 pugnaees
833 3172 1001 3256 Achivos
1157 3243 1161 3250 .

517 3314 715 3401 Henoreis
734 3317 870 3429 opibus
886 3315 1057 3426 refringit·
1066 3358 1080 3414 ;

398 3453 620 3563 Nostrisque
643 3457 802 3540 dudum
819 3457 1058 3538 seditionibus

396 3593 548 3678 Bellum
565 3596 707 3678 resedit.
740 3596 909 3706 protinus
926 3613 966 3678 et
985 3617 1113 3706 genneo

463 3736 554 3834 Irae,
572 3751 612 3815 et
627 3733 789 3818 invisum
806 3753 998 3845 nepotem,

526 3875 665 3960 Troica
679 3905 794 3987 quern
813 3877 958 3988 peperit
970 3875 1148 3980 sacerdos,

403 4014 520 4098 Marti
536 4014 738 4100 redonabo.
770 4015 967 4124 illumogo
984 4015 1128 4106 lucidae
1242 4069 1246 4075 ·

403 4157 503 4243 loire
520 4155 633 4258 sedes,
657 4159 794 4245 ducere
814 4157 974 4253 nefarie
1111 4227 1114 4232 .
1290 4183 1297 4192 ·
